2375 3875
447 248 722 319 'I'ranelatione

298 577 445 642 PIECES
465 578 546 641 FOR
566 575 865 639 TRANSLATION.

150 722 218 788 Tha
232 720 396 806 following
410 726 467 787 ten
480 720 585 805 pieeea
602 719 728 804 require
742 740 762 783 a
775 717 962 805 knowledge
979 718 1053 784 of—

189 852 235 935 (a)
256 852 445 931 Campaniaen
458 852 493 913 of
502 852 672 931 Adjeetivea
687 850 863 932 (Ii-tegulae).

189 967 419 1049 (b)1ndieative
472 967 594 1027 Paeaive
621 968 655 1027 of
675 966 727 1027 lhe
753 966 846 1027 Th'nd
865 965 925 1028 and
941 965 1052 1026 Fomth

253 1061 430 1139 imperative
514 1059 731 1138 Conjugationa

358 1257 411 1325 61.
437 1254 503 1321 Tlte
522 1255 609 1341 Ugly
623 1254 797 1340 Duckling.

148 1406 1054 1491 Ingeniialiquandogaudiocomplebantarineolaecujuedam

107 1506 203 1582 sandi,
212 1505 322 1583 gallina
330 1504 408 1564 enim
419 1524 456 1563 ex
465 1504 529 1564 ovis
538 1502 635 1582 pullae
644 1522 738 1581 nuper
748 1503 914 1563 exeluaeral
952 1504 1055 1563 Unum

107 1606 207 1662 tamen
220 1618 257 1659 ex
270 1599 342 1673 avia,
354 1596 433 1675 quod
446 1596 584 1675 grandius
600 1605 662 1660 aral
682 1596 791 1672 cetaria,
803 1596 898 1656 adhue
909 1597 1055 1674 integrum

107 1693 252 1754 manabat.
287 1691 363 1751 Tum
377 1708 460 1769 pavo,
471 1690 523 1767 qui
535 1689 681 1749 maximae
693 1693 766 1749 natu
780 1693 841 1749 erat
853 1688 994 1763 omnium,
1007 1690 1055 1749 hia

107 1787 206 1847 verbis
242 1784 382 1862 gallinam
421 1784 567 1843 admonet.
624 1782 720 1842 “Jam
760 1782 830 1841 aetia
868 1782 1054 1860 laboraviati3

107 1880 227 1942 tandem
240 1876 347 1938 inutile
367 1875 447 1937 istud
468 1894 556 1937 ovum
577 1874 702 1937 desere?
744 1872 786 1934 Aa
798 1874 907 1953 gallina
920 1877 1055 1955 pertinax

108 1974 265 2035 eonsilium
278 1971 401 2051 pavonis
413 1990 474 2031 non
487 1970 580 2044 audit,
595 1970 771 2048 multaeque
786 1969 856 2030 inde
869 1970 932 2030 diae
944 1971 978 2030 in
991 1972 1054 2032 loeo

107 2071 214 2128 manet.
257 2066 394 2142 Denique
413 2069 481 2143 poet
500 2068 618 2124 lantum
635 2064 762 2123 laborem
776 2064 853 2142 parii
865 2064 989 2142 pullum,
1004 2065 1055 2142 qui

107 2170 234 2223 caeterea
243 2159 447 2237 magnitudine
457 2159 575 2236 quidem
586 2158 713 2236 eorporis
723 2159 885 2237 superabat,
896 2160 949 2219 aed
961 2161 1055 2237 speeie

108 2264 139 2320 at
161 2260 255 2319 forma
277 2256 363 2334 longe
382 2255 502 2316 inferior
521 2254 695 2330 videbatur3
718 2274 787 2315 nam
806 2261 889 2318 arant
909 2257 937 2317 ei
954 2262 1054 2336 turpes

38 2435 40 2440 ,
107 2353 205 2432 pedes,
220 2351 348 2412 deforme
361 2367 473 2428 eorpus,
488 2348 597 2411 collum
611 2352 767 2428 procerum.

253 2621 305 2685 62.
333 2617 400 2686 The
419 2617 504 2702 Ugly
518 2615 688 2703 Duckling
701 2568 905 2704 (eontinucd).

149 2784 211 2846 Dia
238 2783 270 2844 in
297 2781 353 2842 hoe
380 2779 473 2840 fundo
500 2779 647 2840 anaticula
672 2780 768 2857 turpia
789 2781 882 2841 vitam
908 2782 1053 2846 infelicem

108 2877 230 2956 agebat3
256 2893 343 2936 nemo
367 2874 446 2934 enim
470 2873 498 2933 ei
521 2873 648 2934 favebat„
691 2872 824 2934 Gallinae
847 2877 966 2952 quidem
988 2898 1055 2940 eum

108 2969 272 3054 pavonibus
285 2969 418 3028 miseram
431 2966 579 3027 volueram
598 2966 782 3044 spernebant,
796 2969 876 3045 quod
896 2989 1001 3047 aquam
1013 2973 1056 3032 ila

108 3064 226 3126 amavit.
269 3059 380 3122 Andtes
400 3064 497 3120 aulem
518 3064 547 3119 et
567 3078 681 3120 anaarea
701 3061 781 3121 duria
802 3062 901 3122 reatris
913 3064 1055 3127 advenam

109 3161 162 3218 eui
175 3157 250 3232 aqui
263 3152 456 3232 depellebant
499 3152 628 3212 Tandem
648 3157 756 3213 maeata
772 3157 802 3213 el
815 3153 920 3214 infelix
932 3175 951 3216 a
962 3157 1055 3218 fundo

109 3252 143 3310 in
173 3250 269 3310 locum
302 3249 449 3308 desertum
483 3246 592 3323 effigit,
621 3249 680 3322 qua
712 3247 773 3307 sola
805 3252 897 3309 letam
930 3249 1055 3312 hiemem

109 3344 269 3407 habitabat.
311 3341 354 3402 Aa
367 3360 435 3403 vera
455 3359 532 3401 novo
548 3340 586 3400 ad
599 3340 695 3401 laeum
709 3341 836 3417 advenit,
851 3343 884 3403 in
897 3364 955 3422 quo
968 3346 1055 3406 multi

110 3439 198 3516 cygni
217 3436 363 3498 nalabaal
407 3433 465 3494 Hie
488 3434 547 3494 dno
570 3435 654 3513 pueri
677 3435 769 3496 frusta
791 3436 875 3515 pania
894 3439 1050 3515 jactabant
