2375 3875
393 253 665 321 Tranmetione.

371 528 421 607 85.
448 526 479 589 T
475 524 514 589 lte
527 525 697 592 Bearskin.

93 677 231 739 Venator
244 677 371 756 quidam,
388 678 435 736 cui
448 676 526 736 nihil
539 681 600 736 erat
613 678 732 754 argenti,
743 677 872 755 Capuam
885 676 923 736 ad
936 695 1007 735 mer-

48 778 184 835 catorem
208 773 271 835 ivit.
329 770 485 843 “Visne''
510 770 623 848 inquit,
647 773 766 830 “emere
793 790 875 831 ureae
901 770 1007 847 pellem

48 864 365 946 praestantissimam”
427 864 610 939 “Maxime'’
644 864 793 943 respondit
829 864 886 926 ille
951 864 1008 924 Cui

49 966 189 1036 venator,
214 962 337 1021 “Hodie
357 960 475 1038 quidem
499 980 562 1021 cem
585 961 643 1021 tibi
669 962 767 1021 afferre
794 980 853 1020 non
880 980 1007 1039 porrum,

50 1055 140 1134 quod
156 1054 288 1113 nondum
308 1073 404 1113 ursam
424 1054 564 1129 interfeci,
578 1059 610 1113 at
623 1054 721 1131 paucio
735 1054 839 1113 diebus
852 1073 918 1113 cum
931 1054 1008 1132 pelle

51 1148 188 1209 redibo.”
241 1148 383 1207 Mercator
402 1152 509 1222 tamen,
531 1147 583 1224 qui
607 1166 758 1224 nunquam
777 1147 866 1206 silvae
885 1147 1006 1219 viderat,

52 1262 120 1303 non
145 1240 232 1300 modo
256 1241 283 1301 ei
304 1239 431 1299 multum
451 1240 563 1317 argenti
583 1240 673 1312 dedit,
688 1240 739 1300 aed
759 1240 846 1299 etiam
867 1241 929 1317 ipse
942 1260 1009 1299 cum

52 1342 198 1401 venatore
209 1337 246 1397 ad
255 1337 352 1398 locum
362 1338 403 1397 ire
413 1337 571 1397 constituit.
616 1336 679 1397 Ubi
692 1337 729 1395 ad
742 1337 846 1398 silvam
855 1343 1008 1412 venerunt,

53 1452 131 1494 mox
155 1431 248 1507 ipsam
270 1431 407 1491 viderunt
433 1450 537 1504 ursam,
563 1449 637 1507 quae
664 1430 746 1489 tardo
772 1450 870 1508 grearu
897 1430 934 1490 ad
962 1450 1010 1491 eoa

53 1524 221 1587 incedebat
264 1523 340 1583 Tum
359 1525 527 1601 perterritus
547 1523 676 1583 arborem
699 1524 829 1583 escendit
852 1529 1010 1601 mercator;

54 1624 89 1681 at
111 1636 209 1677 comer
229 1617 343 1691 infelix,
359 1617 411 1694 qui
431 1617 529 1694 fugere
548 1635 610 1677 non
629 1621 750 1694 poterat,
766 1616 845 1693 quod
857 1616 944 1675 armie
957 1616 1010 1675 im·

55 1712 181 1793 peditus
201 1715 252 1783 eet,
267 1710 391 1788 projecit
410 1729 441 1770 ae
460 1710 493 1769 in
513 1714 626 1784 terram,
641 1713 830 1786 mortem-que
850 1709 1007 1771 simulavit

56 1808 157 1869 Ursae
185 1804 272 1877 euim,
296 1804 352 1863 etei
377 1802 511 1863 homines
533 1803 617 1864 vivon
643 1803 771 1862 maxima
792 1803 822 1863 vi
844 1822 1010 1880 oppugnare

56 1900 168 1974 uolent,
191 1897 328 1958 cadavera
348 1900 465 1975 tangere
485 1897 598 1956 nolunt.
646 1896 750 1975 Itaque
770 1914 837 1957 urea
856 1901 1010 1975 postquem

56 2011 169 2055 nasum
182 1991 293 2070 corpori
306 1992 370 2069 ejus
383 1991 549 2051 admoverat
562 2009 648 2051 rauco
662 2009 728 2051 cum
738 1989 855 2050 fremitu
869 1989 1009 2051 discessit.

368 2261 418 2324 86.
443 2259 711 2342 SeffiRestraint.

104 2415 272 2474 Voluerunt
286 2413 356 2473 olim
369 2412 505 2472 animalia
517 2430 628 2472 novum
640 2431 733 2471 creare
746 2431 849 2490 regem,
865 2416 944 2490 quod
957 2413 1011 2490 leo,

60 2509 117 2588 qui
138 2526 258 2584 regnum
278 2511 364 2566 antea
383 2491 557 2578 obtinuerat,¹
572 2524 589 2564 a
602 2510 738 2565 venatore
758 2506 883 2583 quodam
904 2507 1014 2567 occieue

62 2604 133 2662 crat
178 2599 282 2676 Itaque
302 2601 380 2658 certo
400 2597 448 2656 die
468 2597 578 2672 simius,
593 2597 677 2674 cujus
693 2599 760 2675 joca
780 2599 880 2659 ceteris
900 2619 1015 2677 magno·

64 2714 133 2775 pere
147 2692 309 2770 placebant,
321 2689 464 2766 suffragiis
475 2689 605 2748 omnium
618 2709 671 2748 rex
683 2695 796 2750 creatur
809 2695 859 2751 eat
903 2691 1015 2771 Vulpes

64 2797 174 2858 tamen,
191 2785 238 2843 cui
261 2782 338 2842 simii
359 2801 436 2842 nova
458 2781 586 2858 digniter
606 2781 726 2841 minime
746 2789 826 2859 grata
841 2785 906 2860 fuit,
921 2804 1014 2862 regem

64 2881 238 2942 submovere
266 2875 426 2935 constituit
486 2873 592 2934 “veni
625 2875 776 2948 mecum,’'
803 2876 909 2955 inquit,
940 2880 1016 2938 “rex

65 2991 178 3050 magne,
194 2970 295 3029 invini
317 2967 397 3028 enim
419 2965 474 3026 rub
494 2967 616 3044 antique
636 2987 743 3045 quercu
756 2969 883 3029 multum
896 2973 1017 3049 argenti,

65 3065 148 3146 quod
158 3066 224 3142 jure
238 3081 338 3140 regum
352 3061 407 3120 tibi
421 3059 570 3137 proprium
584 3059 654 3121 eet.”
696 3060 806 3122 Simius
820 3063 920 3122 atatim
930 3065 1019 3141 jussit

66 3179 132 3222 cam
146 3157 183 3218 ed
196 3157 293 3217 locum
307 3174 337 3214 ee
352 3153 464 3228 ducere,
480 3153 654 3231 inciditque
666 3153 698 3212 in
713 3154 819 3232 plagae,
832 3174 904 3232 quae
918 3156 1020 3234 uulpea

67 3256 226 3335 paraverat.
280 3248 355 3309 Tum
382 3247 523 3306 iliacum
551 3247 619 3319 riou,
648 3246 827 3322 “Quomodo
851 3250 886 3307 tu
913 3249 1019 3325 potee,”

67 3345 177 3424 inquit,
205 3341 305 3402 “ulios
333 3359 436 3419 regere,
462 3339 515 3419 qui
538 3357 576 3398 ne
600 3343 630 3398 te
657 3338 754 3417 iprum
783 3337 902 3418 quidem
928 3359 1020 3420 regere

69 3437 195 3518 potem
