2375 3875
502 272 773 339 ‘ibanslations

369 531 420 601 95.
440 517 529 595 How
543 526 641 605 teget
654 515 713 582 rid
723 516 794 599 qfa
817 514 873 580 Wi
887 536 910 580 c.
933 609 935 614 Ι

211 650 335 713 Fulvius
353 651 479 729 quidam,
501 651 550 711 aui
568 668 641 710 uxor
660 654 720 710 erat
739 648 877 721 difficilis,
896 646 977 724 quod
995 664 1060 706 eam
1073 647 1104 706 vi

172 734 330 805 mtsrfieere
361 762 422 804 non
455 743 587 817 audebat,
615 743 748 802 fraudem
774 741 911 801 adhibere
944 738 1102 800 constituit

173 836 326 897 Mulierem
337 836 426 915 igitur
436 835 474 895 ed
483 836 575 913 ripam
584 834 722 909 fluminis,
731 834 812 912 quod
820 852 871 911 per
880 833 977 911 ipsum
990 831 1104 892 hortum

172 930 287 1004 fluebat,
307 929 401 990 duxit
442 928 506 1003 Quo
525 927 579 986 ubi
598 927 726 1002 advenit,
756 923 888 1001 “Mihi”
915 926 1022 1002 iuquit,
1049 925 1106 983 “in

172 1022 268 1083 animo
287 1026 332 1081 eat
348 1040 367 1081 a
385 1019 618 1082 vitadiseedara
660 1019 707 1079 Tu
733 1019 831 1096 igitur,
851 1023 887 1079 ut
910 1036 985 1077 uxor
1003 1017 1106 1089 fidelis,

172 1114 308 1175 extremis
325 1113 383 1174 viri
401 1112 546 1173 mandetis
565 1112 660 1189 pare”
701 1111 785 1171 Uxor
803 1112 921 1171 inmuta
939 1110 1028 1170 fidem
1048 1110 1103 1170 dat

174 1208 302 1287 “Euge''
320 1206 419 1284 iuquit
437 1205 569 1279 Fulvius,
592 1209 723 1265 “manus
742 1205 817 1265 mibi
839 1209 907 1281 poet
919 1208 1035 1281 tergum
1053 1203 1109 1262 hoa

172 1302 243 1361 lune
254 1300 342 1375 rinei,
362 1317 475 1377 meque
493 1298 528 1357 in
545 1297 656 1358 flumen
675 1295 794 1375 dejiae''
833 1297 910 1357 Tum
922 1317 966 1371 ea,
978 1296 1037 1357 etsi
1049 1315 1108 1355 rem

173 1393 284 1454 eredere
308 1392 362 1452 vix
387 1392 493 1469 potuit,
517 1390 598 1468 quod
623 1391 719 1451 noluit
745 1390 832 1449 iidem
866 1390 965 1449 datam
990 1389 1108 1462 violare,

173 1504 275 1546 manus
292 1485 356 1562 ejus
375 1483 556 1558 constrinxit,
577 1487 608 1543 et
626 1483 754 1543 maximo
774 1483 843 1543 nisa
865 1501 933 1542 aum
952 1481 986 1541 in
1004 1502 1110 1559 aquam
1165 1479 1166 1496 ¹

173 1576 329 1656 propellere
340 1577 458 1655 paravit
499 1577 544 1635 At
555 1576 679 1637 Fulvius
690 1574 788 1636 subito
804 1581 886 1636 motu
899 1576 1027 1653 eorporis
1039 1577 1110 1653 peri-

173 1671 271 1731 eulum
289 1669 384 1744 elusit,
398 1669 567 1746 mulierque
585 1669 749 1747 improvida
765 1688 817 1729 suo
834 1669 946 1747 impetn
958 1670 994 1727 in
1005 1688 1110 1746 aquam

173 1782 306 1842 praeceps
318 1762 458 1839 dejicitur.
501 1762 577 1821 Inde
589 1761 701 1822 miser'm
714 1763 847 1839 precibus
859 1762 1003 1822 auxilium
1016 1761 1109 1822 amnti

174 1855 321 1934 respondit
338 1854 407 1929 ille;
438 1853 542 1914 “Volo
560 1853 696 1933 equidem
715 1860 745 1914 te
762 1856 882 1931 jurare3
912 1854 992 1933 quod
1012 1858 1108 1913 tamen

174 1972 251 2014 meas
262 1970 364 2012 manus
377 1950 508 2026 vinxisti,
522 1951 704 2013 nullomodo
716 1952 859 2030 possum”

442 2113 492 2196 96.
515 2081 549 2178 Α
567 2114 667 2178 stem
680 2113 843 2195 Example.
883 2102 899 2131 ‘

177 2271 181 2282 .
212 2227 286 2288 Dux
311 2227 437 2303 quidam,
458 2226 511 2303 qui
536 2245 603 2286 eum
629 2226 723 2287 Gallis
748 2227 869 2287 bellum»
885 2228 1009 2304 gerebat,
1032 2228 1109 2305 quod

174 2319 269 2381 voluit
282 2320 358 2381 aives
371 2319 408 2379 ab
420 2319 501 2379 omni
520 2319 628 2396 injurii
646 2319 807 2393 defendere,
821 2321 923 2397 poenis
934 2319 1109 2397 gravissimis

174 2430 241 2474 suos
255 2412 364 2490 rapinis
382 2411 560 2488 prohibebat
602 2411 681 2472 Olim
701 2413 772 2473 dum
791 2432 858 2472 eum
877 2412 979 2491 legatis
998 2417 1108 2486 coenat,

174 2507 207 2566 in
229 2504 401 2583 praetorium
423 2502 504 2564 ducti
529 2508 599 2563 suut
624 2508 683 2563 tras
704 2505 769 2577 viri,
794 2505 872 2564 furto
897 2505 933 2563 in
957 2505 1109 2564 manifesto

175 2597 350 2674 deprehensi
392 2596 467 2656 Tum
486 2596 557 2669 dux,
571 2597 624 2672 qai
642 2596 842 2674 magnitudine
856 2615 965 2675 pesum
984 2597 1109 2675 reliquos

176 2691 315 2752 demum
325 2689 427 2762 voluit,
438 2688 528 2765 jussit
546 2689 624 2748 iures
642 2689 723 2749 illies
741 2690 779 2748 de
790 2691 894 2766 magna
907 2708 1024 2766 quercu,
1039 2709 1110 2766 quae

174 2799 250 2842 nou
264 2780 389 2841 multum
421 2782 527 2856 aberat,
557 2780 703 2858 suspendi
744 2779 863 2840 Postero
893 2781 942 2840 die
973 2781 1047 2840 dum
1078 2783 1110 2840 in

176 2872 280 2938 itinere
300 2890 402 2950 agmen
421 2872 517 2933 loaum
536 2872 681 2950 praeterit,
700 2876 768 2932 ante
788 2873 886 2932 oeulos
905 2873 1037 2933 omnium
1056 2875 1112 2933 tria

175 2964 319 3042 aadavem,
346 2964 465 3024 militari
490 2963 579 3042 pallio
606 2964 720 3040 vestita,
744 2983 782 3024 ex
808 2965 908 3025 arbore
934 2966 1107 3042 pendebant

173 3057 241 3133 ,Quo
255 3056 386 3132 exemplo
402 3056 503 3129 territi,
518 3056 627 3116 milites
639 3057 672 3115 iu
683 3059 831 3134 posterum
849 3058 887 3116 ab
907 3058 989 3116 omni
1008 3079 1110 3136 genere

174 3149 291 3226 rapinae
303 3147 494 3210 abstinebant
537 3149 573 3208 Id
584 3153 682 3208 tamen
694 3150 861 3226 exemplum
870 3150 1014 3210 salubrius
1025 3171 1108 3228 quam

172 3240 318 3304 amdelius
331 3241 407 3314 fuit3
425 3239 488 3300 dux
500 3241 579 3299 enim
598 3240 791 3301 mieemeerdir'a
810 3246 980 3318 commotus,
993 3262 1111 3321 suspen-

176 3333 257 3392 derat
278 3332 357 3391 haud
379 3331 457 3390 furas
479 3331 606 3408 quidem,
630 3333 682 3392 sed
702 3333 840 3394 cadavera
862 3334 951 3397 trium
974 3336 1109 3410 militum,

178 3423 228 3496 qui
241 3422 332 3496 pridie
345 3422 445 3482 morbo
457 3422 606 3496 absumpti
618 3430 708 3482 erant
