2375 3875
190 277 229 338 50
336 284 338 293 ’
524 272 796 341 Transmtions.

189 467 347 530 admonuit
393 469 410 501 ‘⁴
421 466 499 526 Mihi
510 466 629 543 quidem
642 467 675 526 in
688 466 786 526 animo
796 470 848 539 est,
860 466 990 525 omnium
1003 484 1134 527 meorum

189 563 298 623 civium
311 561 441 620 fortunas
455 579 631 637 cognoscere.
673 560 718 619 Tu
731 560 810 620 huno
830 560 958 620 laborem
979 579 1031 637 pro
1053 565 1133 636 patre

190 656 308 732 suscipe.
351 654 398 715 Eu
411 653 468 713 tibi
482 653 560 712 hunc
574 654 722 714 calathum
735 673 855 714 ovorum
868 654 996 731 plenum,
1012 654 1134 730 hosque

190 750 246 809 duo
261 766 348 824 equos
362 746 518 806 committo.
562 745 616 819 Tu,
628 745 698 806 dum
711 747 814 806 urbem
826 747 990 824 perlustras,
1002 746 1031 806 ei
1045 766 1133 807 ovum

190 843 234 915 da,
250 858 437 918 quaecunque
450 858 536 899 suum
549 840 702 916 conjugem
717 840 808 916 regit,
829 858 891 898 eam
905 844 1013 912 autem,
1028 859 1133 916 quaes

189 937 310 1013 conjuge
318 935 433 1010 regitur,
444 952 518 1009 equo
529 932 630 992 dona”
665 932 759 992 Filius
769 934 824 992 etsi
831 952 892 992 rem
901 933 1064 1009 intelligere
1073 953 1132 992 non

189 1034 291 1106 potest,
306 1026 433 1104 parentis
450 1030 547 1084 tamen
562 1025 699 1084 mandata
718 1026 838 1102 perficit.
882 1026 944 1085 Ubi
957 1025 995 1083 ad
1009 1026 1131 1103 primam

189 1124 307 1183 domum
330 1119 458 1193 advenit,
483 1137 583 1178 vocem
612 1137 741 1195 asperam
764 1118 878 1178 audivit
900 1118 1033 1200 feminee,
1059 1139 1131 1197 quae

188 1215 226 1276 ob
239 1214 334 1274 nescio
347 1230 435 1289 quam
449 1230 563 1270 causam
577 1212 693 1292 conjugi
706 1211 903 1270 maledicebat
950 1211 1029 1270 Huic
1042 1231 1132 1272 ovum

188 1309 275 1369 dedit
325 1304 441 1364 Deinde
461 1304 581 1363 alteram
601 1303 719 1363 domum
740 1304 823 1382 petit,
844 1307 901 1380 qua
921 1306 1030 1380 conjux
1049 1312 1132 1364 extra

187 1405 299 1481 portam
312 1397 415 1469 stabat,
431 1396 510 1474 quod
523 1415 598 1457 uxor
611 1415 677 1456 eum
697 1397 773 1455 lorus
793 1400 961 1470 extruserat,
977 1395 1049 1456 dum
1069 1400 1131 1476 ipsa

187 1497 306 1556 domum
318 1491 414 1553 verrit.

329 1972 378 2041 72.
407 1954 472 2022 lee
486 1953 609 2020 Baskct
622 1955 763 2039 onggs
778 1952 986 2039 (continued).

226 2156 300 2218 Inde
320 2153 440 2233 juvenis
459 2153 497 2212 ad
520 2152 615 2211 multa
638 2151 769 2211 aedificia
789 2152 845 2210 iter
864 2152 997 2227 faciebat,
1019 2153 1129 2215 nullam

185 2258 282 2311 tamen
292 2249 431 2308 seminam
444 2245 590 2305 mandatis
601 2245 658 2304 viri
668 2245 853 2305 obedientem
862 2246 994 2305 invenire
1007 2255 1125 2324 poterat

184 2343 306 2422 Vesperi
316 2339 471 2401 ubi'unum
481 2340 567 2398 modo
577 2358 666 2398 ovum
674 2339 708 2397 iu
718 2339 832 2397 calatho
843 2339 980 2398 manebat
989 2340 1027 2399 ad
1037 2360 1129 2401 casam

185 2436 331 2516 quandam
347 2434 476 2507 advenit,
497 2433 581 2508 cujus
601 2432 713 2491 incolae
733 2431 900 2492 coenabant
944 2433 988 2491 Hi
1007 2434 1128 2512 benigne

182 2535 323 2611 juvenem
346 2527 500 2605 accipiunt,
525 2531 700 2601 vocant-que
728 2524 765 2584 ed
792 2544 918 2585 coenam.
973 2526 1007 2586 Is
1033 2528 1127 2604 igitur,

186 2626 257 2686 dum
270 2622 395 2682 libenter
408 2623 517 2693 coenat,
531 2636 626 2677 mores
646 2618 798 2694 utriusque
812 2618 967 2694 diligenter
986 2620 1126 2694 observat,

186 2719 346 2793 laetusque
365 2705 516 2774 mulierem
535 2710 674 2790 pudicam
693 2711 848 2787 cognoscit,
864 2731 937 2788 quae
956 2731 1069 2790 semper
1084 2714 1129 2794 (ut

187 2809 316 2888 videtur)
336 2806 454 2884 conjugi
475 2809 563 2882 paret
607 2804 683 2863 Tum
702 2804 832 2880 juvenis,
857 2805 994 2864 “Tantae
1014 2807 1129 2866 virtutis

188 2904 346 2984 praemium
366 2900 451 2961 vobis
470 2898 589 2957 reddere
610 2897 642 2956 in
662 2897 760 2956 animo
779 2902 831 2956 est
883 2897 961 2958 Sunt
979 2899 1054 2959 mihi
1074 2902 1129 2960 duo

190 2999 265 3076 equi,
280 2996 350 3055 haec
366 2993 441 3066 alba,
457 2991 508 3050 ille
528 2995 627 3050 autom
646 2990 734 3067 niger.
777 2991 825 3049 Ex
844 2989 892 3051 his
907 2991 990 3051 vobis
1009 2993 1129 3052 alterum

190 3094 283 3166 dab03
303 3094 402 3149 utrum
416 3084 597 3145 mavultist”
640 3085 659 3116 “
668 3083 902 3160 Nigrum,’''vero
915 3086 1065 3162 respondit
1077 3087 1127 3147 vir.

192 3191 257 3249 “At
267 3208 284 3249 o
293 3184 463 3247 stultissime
477 3181 564 3257 tace,'’
580 3180 723 3240 exclamat
733 3179 850 3253 femina,
864 3183 881 3213 “
890 3181 1025 3257 equidem
1038 3183 1129 3243 albam

191 3302 293 3362 equam
307 3280 392 3354 malo,
403 3295 457 3336 neo
468 3275 524 3336 tibi
536 3276 570 3335 iu
582 3275 638 3340 hae
651 3293 681 3333 re
695 3293 794 3352 parere
805 3273 898 3335 volo.”
939 3275 982 3333 At
994 3275 1130 3354 Princeps

192 3396 257 3436 oum
281 3377 341 3434 risu
365 3389 454 3432 ovum
477 3369 537 3428 suis
560 3366 727 3446 hospitibus
750 3367 810 3440 dat,
831 3372 862 3427 et
880 3367 944 3444 ipse
965 3386 1032 3427 cum
1053 3372 1131 3446 equis

192 3473 309 3532 domum
324 3468 360 3526 ad
374 3470 483 3544 patrem
498 3481 529 3522 se
542 3462 651 3539 recipit.
