2375 3875
335 590 476 655 umens
496 592 578 655 FOR
597 590 898 656 numerosiori.

436 772 487 839 91.
516 754 583 820 Ylee
595 754 814 821 Blooddound

184 905 337 981 Robertus,
350 903 503 968 Scotorum
516 923 576 981 rex,
587 904 635 965 vir
647 909 679 965 et
690 904 779 964 ermis
791 908 822 965 et
831 902 941 967 virtuts
955 903 1093 984 insignis,

144 1000 254 1061 bellurn
266 1018 333 1060 cunr
346 998 496 1059 Britsnnis
509 1016 569 1057 non
582 1015 717 1075 prospers
727 998 822 1074 primo
830 998 954 1076 gerebst
998 998 1095 1058 Ermt

144 1094 223 1153 eninr
235 1092 268 1151 in
282 1092 383 1152 cestris
395 1090 524 1151 hostiurn
544 1090 706 1168 complures
725 1088 815 1165 Secti,
828 1092 882 1169 qui
894 1092 934 1152 ob
947 1092 1094 1169 privstsnr

143 1186 286 1247 iuvidiam
309 1184 459 1245 Britrnnis
479 1184 624 1244 auxilium
644 1183 827 1261 prsebcbrnt
869 1185 919 1245 Er
941 1184 990 1246 his
1012 1205 1095 1247 nnus

142 1280 294 1341 constituit
320 1296 415 1356 regem
442 1296 543 1356 cspere
567 1296 621 1355 per
642 1296 744 1337 ornem
766 1276 977 1354 tidelioeimum,
1001 1298 1095 1357 quern

142 1374 204 1451 ipsc
224 1372 335 1433 donum
354 1370 392 1431 nb
412 1390 446 1431 eo
465 1376 621 1449 acceperet
663 1370 810 1431 Robertus
829 1371 913 1441 forte,
931 1373 1094 1450 rudioribus

142 1465 271 1527 hostium
291 1464 384 1543 copiis
403 1463 608 1539 circumdetur,
629 1481 698 1524 suos
717 1463 803 1540 fuges
826 1468 912 1524 musi
932 1464 966 1524 in
988 1483 1093 1526 omnes

143 1565 237 1638 portes
257 1558 403 1619 discedere
418 1558 544 1636 jusserat
552 1578 562 1633 3
585 1558 650 1635 ipse
669 1562 768 1617 temen
786 1576 855 1617 cunr
867 1576 927 1617 unc
939 1559 1047 1620 comite
1057 1578 1094 1619 se

142 1654 175 1711 in
188 1652 277 1712 silves
289 1650 412 1712 obdidit
454 1650 499 1710 At
511 1649 619 1723 hostes,
633 1668 705 1709 cens
724 1648 816 1726 ducti,
830 1650 905 1728 regis
924 1651 1093 1729 perfugium

143 1744 227 1805 focile
249 1745 434 1804 invenerunt
476 1742 535 1802 Hic
559 1748 659 1802 snum
681 1742 790 1802 lrtrntu
811 1744 892 1803 ornis
912 1744 1091 1822 sdrnonitus,

143 1856 194 1916 per
213 1836 329 1899 nlvsum
348 1835 479 1895 fluminis
492 1834 551 1895 duo
564 1835 660 1895 millis
679 1854 817 1913 persuum
830 1835 1011 1914 umbulerit3
1030 1858 1093 1917 quo

143 1928 263 1992 consilio
285 1947 387 1989 scenos
410 1926 508 1988 hostes
534 1926 630 1988 elusit
673 1928 764 1989 Curis
782 1929 870 2007 enim,
891 1930 945 2009 qui
967 1932 1093 2011 vestigin

143 2023 255 2085 domini
268 2025 344 2083 terri
356 2039 527 2101 cognoscere
539 2025 663 2100 poterut,
676 2025 753 2100 equi
764 2024 885 2085 omnino
897 2023 989 2087 inlsus
1002 2030 1056 2088 est.

327 2281 380 2349 92.
408 2261 474 2329 Tlrc
486 2263 701 2330 Bloodhound
713 2263 917 2350 (condeceat

184 2405 345 2484 Postqnsnr
367 2402 440 2463 durs
462 2401 548 2462 horse
571 2401 606 2462 in
627 2401 704 2462 silvi
727 2401 899 2464 densissimi
917 2413 1090 2484 marcant

145 2500 265 2562 tundern
284 2518 337 2560 rex
356 2515 519 2574 comesque
538 2494 636 2555 fidelis
655 2497 752 2556 tribue
764 2497 836 2556 viris
854 2498 982 2574 umus,
995 2503 1093 2578 specie

145 2593 243 2667 ieroci,
253 2591 371 2652 obvium
383 2591 510 2652 iverunt
553 2590 619 2650 Rex
628 2595 736 2664 tumen
745 2590 802 2650 etei
813 2589 869 2652 hos
881 2593 915 2652 in
926 2594 1092 2671 suspicione

146 2687 259 2761 hebuit,
287 2685 364 2746 inme
390 2683 547 2758 coniectus,
572 2681 735 2760 hospitium
761 2683 863 2744 dutum
890 2703 952 2744 non
976 2685 1090 2748 obnuit

147 2781 224 2842 Inde
236 2780 342 2839 ductus
361 2775 400 2837 sd
419 2795 522 2850 ccssm,
537 2793 612 2853 quse
631 2774 712 2835 hrud
731 2777 834 2854 procul
845 2777 953 2851 abent,
966 2777 1092 2856 benigne

147 2877 282 2952 acceptus
294 2875 339 2932 cst
352 2889 369 2930 s
382 2867 552 2942 latronibus,
568 2869 621 2946 qui
634 2873 726 2928 tctsrn
745 2887 831 2929 orem
850 2877 1000 2944 ccremnt,
1014 2892 1093 2953 moga

148 2960 693 3044 namquepcrtenrsdrdnisdcderunt
729 2961 802 3021 Post
811 2962 1091 3041 coennchbertus,

147 3063 236 3139 longo
253 3057 352 3118 lebore
371 3055 509 3130 defessus,
523 3071 626 3113 somno
645 3071 708 3113 sess
727 3053 816 3115 dedit
859 3055 965 3117 Cornes
983 3063 1091 3138 umen,

148 3155 201 3234 qni
223 3171 242 3215 s
263 3169 328 3228 rege
347 3149 467 3227 vigilare
485 3148 587 3224 jussus
614 3150 683 3220 eret,
703 3147 785 3225 grrri
807 3167 909 3210 somno
930 3169 1091 3236 oppressus

150 3247 275 3308 officium
289 3243 394 3304 omisit
436 3241 511 3300 ‘lum
524 3239 660 3316 latrones,
676 3241 728 3318 qui
747 3241 805 3318 ipsi
823 3261 960 3303 somnum
977 3246 1083 3308 simus

151 3344 260 3412 versut,
281 3337 383 3396 furtim
402 3333 541 3414 petebant
560 3351 625 3394 erm
643 3339 756 3411 penten
775 3353 864 3412 orces,
885 3340 944 3414 quic
963 3336 1094 3418 hospites

150 3430 338 3494 dormiebant
