2375 3875
421 272 691 341 Translations.
987 274 1025 333 aa

78 467 226 527 tatoribus
249 467 304 528 hoc
331 468 417 528 modo
440 467 585 528 laudabat
630 468 793 541 “Nonne'’
816 468 921 544 inquit,
948 469 1026 525 “rex

78 580 193 639 magne,
209 566 239 621 et
252 581 329 621 mare
343 566 458 623 vastum
471 566 501 621 et
514 561 619 622 celeres
631 562 715 623 venti
729 566 781 621 tna
790 561 930 621 'insudate
948 578 1027 638 pera

77 656 197 732 guntt''
239 655 304 715 Rex
317 655 394 713 nihil
409 655 567 733 respondit,
582 655 634 715 sed
654 659 768 733 postero
788 655 843 732 die,
854 657 940 733 J'nseu
953 654 1025 731 ejus,

78 749 157 812 servi
184 748 223 809 sd
249 750 319 809 litus
347 749 522 810 maritimum
551 750 656 810 solium
689 750 845 811 deducunt
899 750 940 810 In
971 748 1027 807 hoc

79 847 286 903 assentatorem
299 842 384 916 locat,
399 848 428 904 et
441 844 504 920 ipse
517 842 550 903 in
563 862 636 921 rupe
652 847 711 903 stat
730 844 898 921 propinqui.
941 842 1028 902 Forte

79 942 178 997 aestus
194 956 232 996 ex
250 938 309 996 alto
323 956 354 997 se
366 937 513 997 incitabat.
556 937 632 997 Tum
651 957 711 1012 rex,
728 937 905 1010 “Bosana''
920 935 1026 1013 inquit,

83 1036 190 1091 “mare
211 1030 366 1107 superbum
375 1052 384 1105 ;
404 1048 502 1089 noune
514 1034 549 1089 tu
561 1048 643 1091 meus
663 1049 763 1091 servus
776 1032 825 1090 est
861 1030 922 1091 Gur
940 1029 1029 1105 igitur

81 1126 127 1185 tui
148 1126 253 1184 fluctus
273 1124 395 1184 audaces
415 1142 512 1183 meum
533 1123 638 1183 solium
657 1124 699 1183 ita
712 1123 867 1185 violantt'’
907 1123 1028 1183 Fluctus

81 1224 181 1277 tamen
195 1218 276 1277 surdi
289 1218 425 1277 mandata
438 1218 515 1294 regia
528 1236 588 1276 non
602 1218 767 1294 audiebant,
779 1216 830 1277 sed
843 1236 874 1277 se
886 1216 920 1277 in
932 1217 1028 1294 ipsum

81 1312 189 1373 solium
209 1312 337 1374 illidunt
381 1300 456 1371 Tum
476 1330 536 1387 rex,
554 1310 676 1371 “Nemo
697 1311 756 1372 nisi
776 1312 856 1373 Deus
875 1310 1027 1389 imperium

81 1406 169 1465 maris
182 1406 288 1466 tenet.'’

281 1636 331 1701 49.
356 1618 450 1684 Rollo
465 1620 537 1685 and
547 1618 599 1685 the
619 1618 829 1685 TwoSticks.

122 1769 213 1849 Apud
238 1770 360 1830 Graecos
383 1771 535 1847 scriptores
558 1771 614 1830 hoo
638 1772 804 1832 invenimus
831 1772 868 1832 de
894 1770 1026 1849 Rollone,

83 1884 153 1923 cane
177 1864 369 1923 callidissime.
413 1863 560 1942 Magister,
581 1864 652 1924 dum
671 1864 734 1942 ipse
758 1865 896 1940 ambulat,
917 1884 1029 1945 semper

82 1960 149 2019 cani
163 1959 263 2018 comiti
276 1959 434 2036 scipionem
448 1977 534 2018 suum
547 1964 679 2019 auratum
693 1960 899 2021 committebat.
941 1959 1029 2020 Hunc

82 2051 171 2112 Rollo
184 2052 308 2130 superbo
322 2071 371 2112 ore
387 2052 530 2129 pervices
544 2052 667 2129 gerebat
710 2053 876 2131 Aliquando
896 2054 1030 2131 magister

81 2164 133 2223 pro
148 2144 277 2222 scipione
290 2149 390 2204 aurato
403 2144 540 2204 baculum
554 2145 645 2204 sumit
657 2145 796 2222 ligneum,
807 2146 897 2206 altero
907 2144 1027 2224 turpius.

82 2238 148 2299 Hoc
164 2257 241 2298 more
254 2255 307 2297 suo
321 2237 387 2298 cani
399 2237 562 2300 committit.
605 2236 649 2298 At
669 2238 764 2314 Rollo,
780 2243 897 2318 propter
916 2244 1031 2300 tantum

82 2332 208 2392 dedecus
218 2331 316 2406 iratus,
328 2331 381 2391 diu
390 2330 518 2392 laborem
531 2336 650 2393 recusat
692 2332 823 2392 Tandem
835 2332 888 2393 ubi
897 2333 1032 2411 magister

81 2425 220 2487 baculum
243 2425 319 2484 inter
343 2425 443 2484 dentes
467 2425 598 2500 inseruit,
619 2425 699 2485 canis
719 2445 735 2485 e
755 2430 912 2506 conspectu
933 2427 1031 2486 subito

82 2519 180 2597 figit3
207 2519 290 2581 brevi
313 2523 411 2577 tamen
435 2517 471 2577 ad
495 2517 665 2595 magistrum
688 2518 752 2581 sine
775 2518 880 2578 baculo
903 2519 1029 2581 recurrit

82 2612 152 2674 Tres
174 2611 246 2672 inde
270 2630 382 2670 menses
408 2611 544 2687 magister
567 2611 675 2670 fnestra
701 2611 838 2672 baculum
861 2613 1016 2689 quaerebat
1022 2634 1032 2687 3

83 2709 187 2783 quarto
203 2708 301 2763 tamen
314 2722 413 2763 mense
427 2703 498 2763 dum
511 2704 588 2762 servi
607 2704 709 2762 fimum
722 2723 760 2765 ex
772 2704 895 2766 stabulis
907 2705 940 2764 in
952 2723 1034 2784 agros

83 2801 291 2877 transportant,
305 2797 443 2858 baculum
457 2796 511 2856 sub
525 2798 644 2874 ingente
657 2797 720 2857 fimi
732 2815 833 2858 acervo
846 2797 1008 2864 inveniunt.

413 3056 459 3123 50.
484 3042 613 3108 Buried
622 3043 715 3109 alive.

124 3195 172 3253 De
186 3194 287 3253 eodem
297 3193 423 3254 Rollone
436 3195 516 3254 aliud
530 3201 561 3255 et
574 3196 735 3256 mirabilius
748 3195 921 3257 invenimus.
957 3196 1037 3276 Mag·

84 3307 141 3346 nus
154 3285 274 3347 anitum
293 3305 364 3364 grex
377 3286 409 3344 in
423 3286 487 3346 lacu
506 3288 632 3352 finitimo
648 3289 774 3351 natabat
817 3290 930 3350 Harum
949 3309 1036 3349 unam

83 3379 164 3440 oanis
178 3381 252 3440 miro
267 3400 363 3440 amore
379 3379 504 3442 fovebat
550 3381 643 3460 Saepe
658 3385 743 3460 jussu
756 3384 886 3461 magistri
898 3384 973 3444 hano
986 3402 1037 3444 suo

83 3493 132 3534 ore
145 3474 234 3534 etiam
249 3474 286 3532 ab
301 3473 438 3533 ulteriore
460 3475 588 3552 margine
609 3475 689 3536 lactis
709 3473 747 3536 at
763 3477 855 3553 'pedes
870 3469 937 3553 ejus
947 3496 1038 3554 tepor:

130 3579 268 3624 aarum]
550 3573 569 3620 C
