2375 3875
524 248 795 319 meneutam

431 501 497 567 109
520 484 579 547 An
593 482 893 569 Impartialsudge.

234 620 300 680 Duo
312 618 383 681 olim
392 619 524 695 viatores,
536 618 608 680 dum
619 618 700 679 haud
712 618 813 699 procul
825 617 905 679 Baiia
916 618 973 679 iter
984 638 1037 698 per
1048 638 1131 681 orum

193 712 366 773 maritimam
392 712 513 785 iaciunt,
540 711 726 788 conchylium
755 711 868 789 ingena,
894 711 974 788 quod
998 712 1032 771 in
1057 730 1132 789 rupe

193 805 318 883 quidam
337 803 480 877 haerebat,
500 808 720 881 conspexerunt
768 802 854 879 Quod
872 804 926 863 ubi
944 809 1132 882 conspectum

193 903 245 972 eat,
259 902 380 975 uterque
392 916 498 971 eorum,
509 900 650 975 tanquam
661 895 805 957 diuinitus
817 895 956 972 oblatum,
970 895 1053 957 idere
1065 897 1131 975 ipae

193 992 295 1053 voluit
336 991 452 1051 Deinde
471 989 552 1066 alter,
576 991 629 1067 qui
650 989 761 1068 primue
784 989 822 1050 ad
844 990 941 1050 locum
963 990 1129 1065 aduenerat,

193 1085 278 1145 avide
301 1083 485 1161 conchylium
510 1100 529 1140 a
554 1101 626 1160 rupe
652 1082 764 1155 evellit,
786 1081 860 1141 ulter
885 1086 982 1142 eutem
1004 1084 1132 1144 amicum

192 1177 316 1253 graviter
342 1176 493 1253 increpuit
537 1175 629 1252 “Ego
655 1174 760 1247 enim,'’
786 1173 894 1252 inquit,
924 1175 1006 1235 “etei
1033 1176 1131 1252 'paulo

193 1274 300 1334 tardior
319 1272 432 1347 adveni,
453 1272 531 1350 prior
549 1276 649 1332 tamen
667 1271 700 1331 id
712 1269 803 1331 vidi”
841 1270 923 1331 Dum
942 1272 984 1331 ita
1002 1272 1079 1332 inter
1096 1292 1131 1332 ae

192 1367 332 1442 rixantur,
343 1365 466 1425 occurrit
475 1365 594 1442 qnidam
606 1364 724 1425 nomine
736 1364 852 1441 utrique
865 1369 959 1427 notua
999 1364 1050 1424 Ad
1061 1384 1131 1425 eum

193 1460 278 1519 umbo
291 1476 352 1519 rem
364 1460 530 1535 rejecerunt
573 1457 633 1517 Hic
645 1462 743 1517 autem
755 1461 847 1517 totam
862 1476 976 1518 caueam
988 1458 1131 1537 patienter

193 1552 306 1613 audivit
314 1572 325 1627 3
348 1550 461 1626 deinde,
482 1556 637 1629 postquem
655 1551 751 1611 fronte
769 1551 926 1629 tranquilla
945 1551 1131 1630 conchylium

193 1646 373 1725 patefecerat,
386 1643 614 1722 devoreritipee.
649 1643 1003 1720 Indeadamicoavcraue,
1013 1645 1131 1721 utrique

194 1739 312 1799 ultermr
335 1737 474 1798 concham
495 1737 617 1797 tradidit
638 1736 687 1796 hie
709 1737 814 1811 rcrbia,
838 1730 857 1771 ’“
865 1737 953 1797 Nihil
969 1738 1131 1814 jncundiua

195 1849 323 1908 unquem
335 1829 402 1905 edi3
420 1849 487 1891 cum
498 1830 576 1891 boni
587 1848 658 1907 pace
669 1828 774 1889 ahite”

445 2008 512 2058 110.
533 1992 733 2058 [nattentcon
746 1991 888 2056 rebuked

240 2112 449 2202 Demoethenee
466 2111 517 2174 illc
530 2114 625 2172 orator
636 2110 810 2171 chumimua
828 2109 908 2187 quod
926 2110 1087 2188 rerpuhlice
1097 2114 1133 2172 in

196 2223 342 2267 eummum
366 2204 521 2264 diemimen
547 2203 674 2263 adducta
698 2206 744 2262 eet
775 2220 828 2279 per
852 2201 973 2262 conailia
998 2202 1134 2282 Philippi

198 2297 390 2359 Macedonum
402 2297 485 2375 regia,
499 2295 693 2356 Athenienaea
706 2295 743 2355 de
756 2295 890 2372 periculo,
905 2294 983 2372 quod
1002 2296 1135 2358 immine

71 2421 74 2428 .
197 2392 256 2466 bat,
282 2409 366 2468 saepe
391 2388 535 2449 monebat
577 2387 754 2466 Aliquando,
783 2387 854 2447 dum
879 2407 958 2448 more
979 2406 1033 2449 auo
1055 2392 1135 2453 cirea

197 2486 336 2559 hortatur,
363 2483 484 2543 miratur
510 2481 592 2560 quod
621 2481 717 2542 eurdia
743 2481 861 2541 auribna
885 2481 973 2542 verba
999 2482 1133 2562 fauebat,

198 2577 294 2636 euhito
306 2593 408 2638 vocem
424 2575 556 2636 mutavit
602 2576 621 2609 “
631 2573 717 2635 (leree
730 2573 826 2648 olim,”
837 2573 944 2650 inquit,
960 2577 979 2608 “
988 2593 1048 2635 une
1067 2596 1136 2637 cum

197 2669 353 2728 hirundine
372 2671 403 2727 et
422 2685 515 2742 angue
534 2666 648 2726 itineris
667 2666 822 2727 comitihue
841 2667 976 2744 profecta,
990 2669 1029 2728 ad
1040 2669 1135 2730 ultum

197 2761 329 2840 pervenit
353 2760 470 2836 flumen,
496 2760 575 2836 quod
597 2759 726 2819 tranauit
751 2759 861 2836 angnia,
886 2759 1012 2821 hirundo
1035 2767 1133 2823 antem

197 2854 302 2934 pennie
320 2852 536 2914 transvolaritl
586 2851 645 2911 Hic
664 2851 717 2910 uhi
735 2857 831 2913 orator
852 2852 950 2913 aubito
972 2872 1134 2916 sermonem

197 2951 359 3028 interrupit,
376 2949 440 3010 “At
454 2948 539 3010 ceree
551 2949 616 3027 ipae
627 2949 773 3026 quomodo
785 2950 905 3026 trajecta
917 2954 962 3010 eat
969 2952 981 3010 t
988 2950 1004 2980 '³
1017 2971 1134 3032 excepe-

196 3053 266 3110 runt
288 3049 372 3108 civea
429 3047 504 3106 Tum
526 3045 577 3106 ille
596 3045 683 3106 vultu
702 3064 809 3121 severo,
833 3046 1027 3125 “Numquid
1049 3051 1133 3111 vohis

196 3146 315 3207 etultiua
345 3162 407 3203 erae
435 3147 539 3220 poteet,
568 3141 770 3216 Athenionem,
799 3141 851 3220 qui
881 3143 923 3203 ite
949 3145 1133 3206 delectamini

196 3238 310 3311 fabulia,
336 3235 443 3314 quibua
469 3235 668 3295 auctoritatem
694 3235 812 3312 quidem
838 3235 951 3297 nullam
976 3239 1132 3318 adjungere

196 3331 342 3401 debemur,
356 3327 528 3404 Philippum
539 3331 646 3400 tamen,
660 3328 713 3403 qui
726 3328 850 3389 exitium
862 3329 977 3390 ciuitati
995 3331 1129 3406 minatur,

198 3421 284 3479 nihili
296 3417 428 3477 habetat
441 3416 457 3446 ''
787 3421 791 3428 '
