2375 3875
449 290 723 362 iranslationr.
1016 297 1054 361 27

113 502 173 545 uon
184 486 274 561 videt,
285 488 337 548 eed
349 487 479 565 undique
492 506 628 564 eruorem,
640 488 718 548 foedi
732 490 895 551 certaminis
904 492 1051 552 indieiunu

113 576 223 639 Statim
233 580 417 640 eeeeoiurore
428 599 536 655 canem,
546 580 617 640 meli
627 585 780 654 auctorem,
788 580 885 659 jdeiilo
895 584 1050 662 transfigit

112 670 248 735 Gelertue
261 692 328 733 enm
340 676 449 751 gemitu
463 679 597 750 exspirat
641 673 737 734 Simul
749 675 884 735 dominus
896 676 930 735 in
942 694 1053 736 recessu

110 766 228 828 aedium
254 768 399 828 infantem
413 768 504 842 videt,
519 766 634 828 eeivum
655 772 742 845 utque
760 768 941 831 ineolumem.
994 770 1053 831 Sed

109 858 191 920 haud
218 860 319 939 procul
339 861 376 920 eb
400 880 433 921 eo
452 861 517 921 loco
534 861 651 937 jueebet
669 861 772 937 ingene
795 861 890 940 lupue.
943 862 1052 923 Fidelis

110 953 190 1012 enim
204 958 300 1014 eustos
313 953 405 1013 vitum
417 952 540 1013 infantis
552 952 595 1013 itu
608 958 777 1016 servaverat

439 1186 489 1257 37.
516 1170 584 1236 The
600 1171 720 1255 Gessit.

150 1309 223 1371 Erat
248 1306 364 1371 Timoni
389 1326 464 1369 uxor
493 1305 614 1385 garrule
670 1306 750 1367 Heee
783 1306 940 1386 aliquando
973 1312 1051 1389 epud

109 1402 249 1463 seminem
271 1403 396 1463 vicinum
416 1400 562 1461 eoenebet
614 1399 678 1459 Diu
700 1398 804 1460 Timon
827 1420 946 1461 uxorem
969 1422 1049 1463 ruem

108 1496 217 1557 irnutre
242 1496 465 1573 exspectaverat.
519 1491 650 1552 Tandem
682 1492 773 1553 iretur
799 1494 913 1554 eedium
939 1500 1050 1574 portem

108 1590 231 1663 ebedmt,
246 1592 276 1648 et
295 1588 370 1665 petit
389 1586 492 1649 utibile.
535 1586 610 1646 Mox
629 1590 728 1645 temen
746 1605 821 1647 uxor
832 1588 925 1647 redux
944 1588 1050 1648 ortium

108 1683 294 1745 vehementer
312 1680 416 1759 pulset
468 1678 584 1758 “Apiri
604 1678 733 1739 celeriter
751 1681 890 1757 portem,''
910 1681 1051 1741 exclamet

108 1776 169 1849 ille,
181 1771 721 1835 “nonneuxorietueevoeemeudiei”
750 1771 1051 1851 “Minime,”resp0n-

109 1869 155 1930 dit
168 1888 205 1928 ex
218 1868 308 1927 eubili
322 1868 475 1943 domiuur3
495 1869 556 1927 “tu
575 1884 636 1926 non
656 1884 720 1926 mee
738 1884 813 1926 uxor
832 1885 870 1940 ee,
885 1885 938 1925 nee
951 1885 1051 1929 voeem

108 1968 191 2023 tuam
203 1979 360 2042 regnorum
380 1980 443 2021 mee
455 1960 533 2020 enim
547 1979 621 2020 uxor
630 1961 693 2037 jam
706 1977 819 2020 meeum
831 1959 944 2022 tubet'’

333 2159 381 2240 38.
411 2157 476 2222 The
493 2157 608 2240 Gessip
623 2154 827 2242 (continued).

148 2303 211 2364 Diu
234 2301 342 2364 ieminu
368 2319 465 2378 preces
493 2299 677 2379 producebat,
702 2299 754 2360 eed
780 2299 904 2379 irurtm;
931 2301 1050 2365 tandem

105 2401 209 2462 dolum
229 2399 354 2476 parebat.
398 2395 493 2454 “Nisi
513 2395 572 2469 tu,'’
586 2395 691 2471 inquit,
708 2397 846 2472 “portem
865 2397 983 2475 aperies,
998 2417 1050 2477 ego

104 2495 140 2555 in
171 2492 227 2552 hoe
254 2492 361 2549 flumen
388 2489 544 2549 desilium.'’
595 2487 691 2548 Simul
720 2487 752 2547 iu
779 2507 884 2567 equum
913 2510 1050 2569 magnum

105 2585 233 2664 lapidem
253 2583 391 2659 devolvit,
414 2586 443 2643 et
462 2601 523 2642 rese
542 2601 603 2641 non
623 2581 722 2659 procul
741 2581 831 2642 ebdit
873 2583 930 2644 Vir
952 2586 1049 2646 sonitu

105 2683 224 2743 territum
244 2679 351 2740 ostium
370 2678 471 2755 aperit,
492 2675 693 2755 prtptratque
712 2676 750 2736 ed
768 2677 869 2756 ripum.
911 2678 1049 2741 Protinus

105 2773 242 2851 irrumpit
261 2774 293 2832 in
306 2771 391 2831 aeder
404 2790 484 2846 uxor,
504 2771 684 2848 obtinetque
703 2775 822 2848 portum.
865 2773 984 2833 Frustra
1004 2775 1050 2835 vir

106 2866 212 2928 infelix
226 2865 332 2924 ostium
352 2865 450 2941 pulset
457 2883 467 2939 3
489 2865 508 2897 “
516 2862 665 2938 Dieedde,”
678 2863 777 2948 inquit
789 2883 871 2943 uxor,
887 2868 906 2900 “
914 2871 948 2927 tu
961 2867 1046 2941 enim,

105 2971 142 3026 ut
154 2965 216 3041 ipse
229 2959 340 3034 dixisti,
354 2977 415 3020 non
428 2978 459 3020 ee
472 2977 552 3020 meur
562 2959 697 3037 conjun”

359 3179 407 3248 39.
434 3161 501 3227 The
515 3162 543 3228 S
545 3163 610 3245 iege
622 3164 664 3245 os
674 3161 791 3230 Calais.

147 3292 300 3356 Edvardus
333 3291 412 3365 olim,
446 3309 498 3351 rex
531 3289 746 3367 Britannorum,
777 3293 879 3361 urbem
907 3293 1048 3356 Gallicam

107 3388 298 3468 oppugnabat
342 3383 405 3444 Diu
418 3383 529 3444 ineolee
542 3383 689 3461 eopiurum
702 3385 778 3462 regie
790 3385 932 3463 impetum
945 3393 1048 3466 magni

107 3501 174 3543 eum
186 3481 296 3543 virtute
309 3479 514 3540 sustinuerunt
556 3476 693 3551 Tandem,
708 3477 762 3538 ubi
780 3479 857 3539 nihil
876 3480 936 3539 eibi
954 3486 1048 3559 euper-
