2375 3875
429 290 701 381 Trapsletiona.
997 293 1035 352 et

89 489 228 567 scopulus
251 488 431 560 imminebat,
455 492 485 547 et
505 486 618 547 lubrica
644 506 713 546 saxa
736 486 858 565 vestigia
883 487 1030 548 fallebant.

88 582 221 641 Tandem
241 600 329 640 senex
345 582 467 657 juvenes
487 580 535 639 his
555 580 652 639 verbis
672 580 783 640 deridet
791 602 801 656 3
829 581 916 642 “Cur
934 580 1033 658 ignavi

88 674 251 751 pericnlum
271 673 400 733 timetiet
423 677 503 734 eeoel
526 692 591 732 mea
611 692 700 750 parva
719 673 780 732 filia
799 674 837 733 ad
856 673 952 734 locum
971 673 1032 733 dea·

88 767 221 828 cendet''
261 766 391 827 Juvenae
406 766 462 825 etei
481 785 543 826 rem
561 766 615 825 vix
635 765 765 839 eredunt,
779 771 877 826 tamen
896 767 1033 826 mandata

88 860 153 935 ejus
172 862 335 937 peragunt
391 858 498 935 Magna
530 876 653 935 quereus
680 857 867 936 impendebat
895 857 1031 937 aeopu103

88 951 159 1013 huie
171 952 273 1012 funem
286 954 388 1028 aptant
401 956 430 1010 et
444 950 542 1010 omnia
554 954 664 1027 parant

243 1210 292 1275 32.
320 1192 387 1256 The
409 1189 570 1258 Vulture's
584 1192 668 1257 Nest
682 1190 882 1279 (continued).

130 1338 198 1398 Jam
220 1355 309 1395 senex
328 1340 427 1395 tenero
445 1334 557 1412 corpori
575 1334 698 1412 virginis
717 1336 819 1396 funem
839 1342 922 1397 eante
940 1343 1028 1417 aptat

87 1432 165 1491 Tum
188 1449 240 1489 eex
263 1428 355 1489 validi
377 1429 501 1505 juvenes
528 1447 591 1487 eam
618 1447 655 1486 ex
682 1428 741 1488 alti
767 1449 839 1507 rape
862 1430 1029 1494 demittunt.

90 1525 199 1585 Omnee
218 1522 301 1583 tecti
320 1526 457 1581 eventum
476 1525 645 1598 exspectant
655 1541 663 1594 ;
685 1526 718 1581 at
736 1522 788 1581 illa
806 1526 904 1583 aeeira
923 1526 1031 1586 aerium

88 1618 146 1676 iter
157 1616 259 1693 pergit,
272 1618 301 1674 et
310 1633 414 1690 magno
428 1616 513 1673 eonto
527 1612 661 1673 defendit
673 1619 772 1674 neuter
781 1616 921 1692 aoopuloa
963 1618 1032 1679 dam

88 1708 223 1787 pervinit
246 1708 283 1767 ad
305 1706 417 1803 rqidum,
443 1711 472 1767 et
498 1707 602 1765 dextri
628 1725 751 1783 parvum
774 1707 920 1768 rnltinem
942 1714 1028 1773 tenet

89 1803 197 1864 Statim
210 1802 262 1861 dat
280 1802 395 1878 signnm
414 1800 532 1859 reditio.
573 1798 617 1859 At
630 1803 712 1876 pater
724 1800 825 1860 vultur
837 1802 919 1863 audit
932 1823 1031 1864 vorem

88 1895 187 1975 prolia,
202 1899 232 1955 et
244 1912 348 1972 magno
363 1892 494 1970 clangore
507 1891 635 1970 puellam
655 1893 737 1970 petit.
779 1892 838 1954 Illa
856 1901 962 1972 tamen,
977 1898 1032 1958 atsi

88 1989 168 2050 saevi
192 1987 270 2047 alitia
292 2006 404 2064 ungues
427 1990 539 2046 tenerae
562 2005 666 2045 manua
689 1986 855 2063 dilacerant,
881 1990 973 2050 enltro
1000 2011 1031 2050 ae

89 2081 229 2155 defendit,
257 2100 311 2140 neo
337 2080 474 2158 praedam
499 2079 636 2140 demittit
688 2078 756 2139 Jam
779 2082 903 2157 juvenes
928 2083 1031 2145 vident

88 2174 250 2254 perieulum
262 2171 384 2249 puellae,
399 2170 648 2248 ingeminant-que
667 2170 802 2232 laborem
845 2171 918 2234 Mox
937 2174 1030 2235 laetus

89 2273 170 2345 pater
182 2266 319 2327 audirem
331 2265 421 2325 filiam
434 2263 571 2340 amplexu
584 2268 672 2325 tenet

391 2523 441 2589 33.
468 2507 535 2572 The
550 2507 730 2574 Standard

130 2645 279 2721 Rieardne,
293 2663 345 2704 rex
358 2642 572 2717 Britannorum,
587 2643 658 2702 olim
673 2661 740 2703 eum
760 2642 907 2709 Solimano
920 2649 1030 2713 bellum

90 2741 212 2820 gerebat.
268 2737 380 2797 Multos
413 2736 524 2812 equites
557 2736 737 2795 diversarum
766 2740 904 2814 gentium,
938 2746 1030 2806 socier

91 2835 303 2912 adjutores-que
325 2829 404 2902 belli,
429 2829 561 2890 habebat
614 2829 657 2889 Hi
680 2829 764 2890 fortia
787 2832 860 2909 regia
888 2834 1030 2899 timebant

90 2929 238 2998 virtutem,
249 2923 300 2983 aad
310 2921 473 3000 superbiam
485 2941 588 2999 parum
602 2923 744 2984 amabant
787 2923 874 2985 Forte
883 2946 935 2987 rex
944 2949 1027 2992 anum

90 3023 206 3098 signum
218 3019 251 3076 in
264 3017 323 3076 aito
343 3019 373 3075 et
391 3014 500 3092 insigni
518 3015 581 3075 loeo
603 3016 797 3077 constituerat
839 3018 878 3079 Id
895 3025 1027 3085 movebat

91 3117 163 3174 irem
186 3111 327 3172 sociorum
350 3113 381 3168 et
402 3113 491 3168 noetu
514 3108 630 3186 signum
653 3110 805 3170 divellunt
847 3111 912 3173 Rex
931 3116 1027 3194 igitur,

91 3209 144 3268 ubi
155 3205 270 3283 reponit
283 3204 406 3279 signum,
422 3202 524 3278 deligit
538 3202 687 3262 custodem
700 3203 757 3263 looi
770 3204 899 3282 equitem
912 3213 1028 3273 nomina

91 3301 261 3365 cannetum.
303 3296 366 3356 Nee
387 3295 437 3354 ille
456 3300 569 3356 tantum
589 3296 727 3356 honorem
747 3304 865 3376 recitat,
887 3308 918 3362 at
936 3303 1029 3368 laetus

90 3410 169 3454 arma
202 3389 306 3449 induit
362 3387 445 3461 Inda,
481 3389 535 3448 etsi
567 3389 630 3466 ipre
663 3390 887 3470 haudquaquam
916 3395 1028 3459 hostem

90 3484 220 3557 timebat,
235 3500 334 3541 canem
348 3479 462 3538 fidelem
475 3480 590 3554 vigiliae
604 3482 738 3542 comitem
751 3484 908 3547 advocavit
