2375 3875
141 244 180 304 44
476 242 750 312 Translatione

113 494 114 499 ,
140 435 216 494 Tum
242 435 303 509 illa,
328 437 406 512 quod
430 438 493 512 jam
518 441 641 496 mortem
669 436 797 514 optabat,
825 438 864 497 ad
890 458 998 516 cygnos
1024 440 1094 517 ipea

140 528 263 603 natavit,
278 528 429 606 flexitque
443 534 530 607 caput
543 530 581 588 ad
594 531 687 589 iatum
699 535 865 591 rostrorum.
907 532 950 591 At
963 534 1093 593 attonita

141 640 223 681 suam
243 622 407 699 imaginem,
422 642 510 699 quam
530 642 605 699 aqua
624 618 774 700 reddebat,
788 625 867 685 vidit
877 647 887 701 ς
906 625 1091 703 audivitque

141 735 242 775 voeem
251 716 470 793 puerorum‚qui
477 735 606 793 cygnum
622 717 722 777 eatena
736 712 931 795 pulchriorem
939 719 1010 780 laeti
1018 720 1092 779 aoei-

140 809 268 887 piebant
310 809 469 869 Anatieula
482 810 561 868 enim
573 810 668 887 turpio
681 812 796 887 gracilia
810 832 922 890 eygnue
934 819 1073 874 evaserat

398 974 449 1052 63.
479 972 510 1035 T
506 972 545 1036 lte
563 972 595 1035 T
591 972 670 1037 ouclt
684 974 728 1055 of
739 973 830 1041 Gold.

182 1092 287 1168 Midae,
315 1112 367 1152 rex
398 1092 550 1169 Phrygiae,
579 1093 658 1169 quod
692 1093 764 1153 olim
791 1094 905 1155 Baoeho
933 1095 1089 1173 placuerat,

142 1189 254 1265 egregio
267 1206 386 1247 munere
399 1206 417 1246 a
430 1187 484 1246 deo
498 1187 623 1246 donatus
638 1194 689 1247 eet.
734 1188 873 1266 “Dellge,
888 1209 940 1248 rex
960 1190 1090 1267 magne,’'

76 1303 79 1310 ⁴
142 1283 240 1359 inquit
260 1282 340 1356 deus,
364 1280 423 1340 “id
444 1280 522 1357 quod
541 1280 669 1340 maxime
689 1281 793 1358 cupie,⁴
813 1281 869 1341 hoo
889 1283 946 1342 tibi
964 1282 1091 1343 libenter

143 1376 246 1435 dabo.''
286 1376 360 1433 Tum
374 1374 420 1433 vir
439 1392 544 1433 avarus
556 1374 663 1433 mirum
677 1373 787 1434 donum
800 1376 978 1455 impetrarit,
992 1378 1091 1436 omnia

143 1470 229 1542 onim,
245 1488 319 1545 quaa
338 1487 391 1528 euo
411 1487 528 1545 corpora
548 1468 694 1545 tangebat,
709 1469 742 1527 in
764 1488 866 1528 aurum
885 1474 998 1531 mutata
1010 1476 1088 1533 eunt

144 1561 284 1622 Protinus
297 1580 349 1619 rex
362 1560 455 1620 laetus
469 1560 576 1637 regiam
589 1560 708 1620 domum
728 1562 919 1639 percurrebat,
933 1582 1091 1641 manuque

145 1676 221 1729 vasa,
245 1674 367 1729 maneae,
392 1653 491 1729 laotos,
520 1653 619 1713 omnia
645 1655 790 1732 tangebat
833 1656 909 1715 Inde
935 1657 988 1737 ubi
1014 1657 1091 1717 nihil

143 1748 218 1827 ligni
240 1751 292 1807 aut
315 1747 427 1824 argenti
450 1748 483 1805 in
503 1746 624 1805 aedibus
644 1748 788 1825 manebat,
809 1750 916 1827 gratiae
935 1770 988 1828 pro
1007 1755 1090 1811 tanto

143 1841 283 1903 beneficio
296 1840 410 1899 Baooho
423 1839 569 1918 persolvit.
613 1840 743 1900 Tandem
755 1842 854 1902 labore
866 1843 959 1903 fessus
973 1863 1090 1904 coenam

144 1937 246 2016 poscit,
268 1934 431 2011 avidieque
451 1932 543 1993 oeulis
563 1932 652 2012 dapee
672 1933 840 2014 splendidae
862 1936 974 2016 lustrat
1017 1938 1090 1997 Mox

144 2035 242 2091 tamen
255 2029 308 2088 ubi
321 2028 430 2106 pieaem
443 2027 482 2087 ad
501 2046 533 2087 oe
553 2027 698 2103 admovet,
714 2028 797 2088 oibue
817 2031 850 2088 in
869 2050 972 2091 aurum
991 2033 1089 2091 atatim

73 2135 76 2140 '
144 2127 274 2185 mutatur
287 2126 349 2196 est3
369 2141 421 2180 rex
437 2121 533 2197 igitur,
549 2123 633 2198 eujus
653 2122 686 2180 in
705 2121 839 2183 faucibus
850 2124 944 2202 rigida
956 2124 1089 2185 haerebat

145 2236 246 2291 masaa,
260 2216 364 2276 vinum
377 2215 489 2292 posoit;
509 2213 587 2274 idom
602 2215 708 2276 evenit
743 2214 875 2276 Tandem
888 2237 941 2278 rex
953 2220 1086 2295 esuriens,

146 2312 224 2389 quod
243 2309 320 2369 nihil
340 2327 393 2367 neo
413 2308 524 2382 edebat,
546 2327 600 2367 nee
620 2307 741 2368 bibebat
760 2310 958 2389 compluribus
978 2312 1085 2385 diebus,

145 2404 280 2465 maximia
304 2401 438 2480 precibus
461 2399 610 2462 Baaahum
634 2407 704 2462 orat
747 2400 824 2463 Inde
847 2423 914 2465 cum
937 2405 998 2466 riou
1019 2406 1087 2466 deue

146 2500 234 2560 letale
247 2498 357 2559 donum
370 2500 492 2557 amovet

395 2660 447 2738 64.
471 2659 502 2722 T
498 2657 539 2722 lte
554 2605 728 2743 Cossiping
744 2660 846 2725 Trees.

186 2780 294 2859 Apollo
307 2777 388 2854 olim,
399 2799 502 2841 curvae
516 2779 596 2858 lyrae
609 2779 753 2855 inventor,
766 2799 833 2840 rum
847 2779 953 2859 Satyro
966 2781 1086 2860 quodam

146 2882 315 2941 demteeua
325 2877 496 2938 decertabat.
539 2875 669 2936 Tandem
679 2877 755 2936 tanti
766 2879 931 2938 certaminis
941 2880 1086 2940 arbitrium

146 2975 231 3035 ambo
252 2974 289 3032 ad
309 2972 422 3032 Midam
441 2990 538 3048 ragam
559 2970 610 3049 (de
630 2989 688 3047 quo
708 2990 795 3048 supra
818 2971 1085 3053 demonstravimus)

146 3069 358 3130 commiserunt.
401 3065 467 3124 Rex
477 3072 582 3137 autem,
595 3065 647 3140 qul
657 3083 792 3124 numeror
802 3066 921 3124 omnino
932 3066 1083 3143 ignorabat,

145 3168 298 3240 postquam
323 3159 449 3218 earmina
472 3158 633 3234 utriuoque
657 3159 815 3232 audiverat,
837 3159 942 3237 Satyro
966 3161 1085 3238 palmam

146 3257 233 3334 dedit.
277 3255 359 3314 Daue
378 3254 476 3331 igitur,
491 3253 544 3311 tali
564 3253 691 3311 stultitia
712 3253 811 3329 iratus,
827 3254 917 3330 capiti
930 3255 1005 3331 regia
1017 3256 1085 3315 asini

146 3371 227 3410 aures
254 3349 354 3409 affixit
409 3348 484 3405 Tum
513 3365 566 3405 rex
593 3345 731 3404 callidum
760 3346 915 3406 consilium
942 3349 1085 3426 concepit3

215 3463 256 3503 ·m
276 3442 354 3502 enim
373 3445 519 3501 tonsorem
539 3438 650 3510 aseivit,
665 3439 749 3516 eujus
769 3443 856 3517 operi
868 3459 955 3505 auum
968 3440 1085 3505 dedeeue
