2375 3875
440 278 711 348 Translations.
1008 274 1046 343 45

103 462 141 521 ab
162 464 254 525 oeulis
273 468 402 527 omnium
427 469 560 529 abditum
580 474 631 531 est.
674 472 717 531 At
737 475 844 547 tonsor,
865 472 912 532 vir
931 472 1046 549 loquax,

103 556 163 633 qui,
178 558 250 617 dum
270 566 369 621 manet
388 561 420 621 in
440 562 520 637 urbs,
541 582 603 623 rem
623 563 675 625 vix
695 565 815 641 celabat,
837 579 886 625 rus
906 565 1046 640 discessit,

103 652 246 732 regiaque
260 655 407 716 fortunam
420 656 570 717 arboribus
590 658 726 719 narravit.
770 658 834 719 Hae
847 662 944 721 sutem
958 677 1049 719 aoma-

103 764 170 807 rum
190 768 317 823 susurru,
333 750 411 827 quod
423 754 511 810 vento
525 752 599 811 rami
611 752 713 829 agitati
726 756 804 829 sunt,
819 751 866 813 his
879 753 975 814 verbis
988 771 1049 815 rem

104 839 273 921 vulgabant,
290 846 308 877 ‘⁴
316 842 394 905 Sunt
406 841 506 903 Midae
520 863 602 905 aures
615 843 716 905 asini.”

372 1014 374 1023 Ι
406 1068 456 1147 65.
479 1067 510 1130 Α
532 1067 740 1150 Scope-Gaas

146 1200 260 1279 Vulpes
281 1199 391 1275 sitiens,
418 1220 491 1279 quae
515 1200 669 1261 desiluerat
692 1202 725 1261 in
743 1205 882 1281 putenm,
906 1200 986 1265 baud
1008 1206 1050 1265 ita

104 1294 207 1369 altum,
219 1295 269 1353 sed
279 1294 417 1355 lateribus
427 1294 598 1372 praeruptis,
609 1299 774 1373 post-quam
784 1315 899 1357 omnem
909 1299 1050 1358 rationem

73 1418 76 1431 ν
104 1388 192 1465 sugas
203 1388 310 1448 frustra
323 1392 492 1462 tentaverat,
505 1388 543 1447 ab
556 1388 637 1447 omni
646 1408 697 1467 spe
707 1390 818 1450 reditis
832 1390 988 1451 interclusa
997 1395 1047 1452 ast.

104 1480 181 1541 Mox
200 1486 297 1542 tamen
317 1501 408 1561 asper,
424 1482 475 1560 qui
495 1502 602 1561 aquam
621 1483 746 1561 patebat,
762 1482 840 1562 quod
860 1483 966 1545 fervidi
981 1484 1051 1546 solis

104 1574 181 1635 radii
190 1595 271 1654 agros
280 1575 595 1650 urebantadeundem
605 1580 727 1655 putenm
738 1576 863 1638 advenit.
909 1578 1050 1652 “Salve”

103 1666 1050 1748 inquit,“dulcissimanonneaquaistsfrigidaestetjueundal”

106 1760 177 1820 “Ab
212 1780 362 1838 nunquam
391 1761 595 1839 jucundiorem
629 1760 720 1836 bibi‚''
753 1763 903 1840 respondit
937 1762 1049 1841 vulpes,

106 1856 127 1889 “
135 1854 220 1914 desili
240 1854 332 1931 igitur
355 1874 442 1933 quam
466 1855 621 1930 celerrime,
643 1875 696 1933 ego
720 1856 798 1916 anim
819 1856 943 1934 jam-diu
967 1875 1051 1934 parco

104 1969 205 2026 aquae,
217 1949 296 2026 quod
310 1954 339 2010 te
349 1950 495 2028 expeoto.”
537 1949 603 2010 Hoo
613 1950 666 2010 ubi
679 1950 792 2012 audivit
801 1950 925 2010 stultum
935 1950 1050 2026 animal,

105 2048 139 2106 in
159 2051 281 2124 puteum
301 2047 427 2108 desiluit.
470 2046 512 2106 At
532 2047 637 2125 vulpes
657 2047 762 2108 callida
784 2047 817 2107 in
840 2067 947 2108 cornua
966 2049 1052 2109 amici

105 2145 251 2223 prosiluit,
265 2163 389 2224 quorum
403 2148 489 2223 operi
501 2163 562 2206 sesa
575 2144 614 2206 ad
627 2149 733 2206 terram
751 2144 925 2210 sublevavit
967 2144 1050 2221 Inde,

106 2238 205 2300 miseri
217 2238 303 2300 amisi
316 2239 467 2300 immemor
479 2239 598 2300 domum
612 2237 749 2300 discessit

437 2469 489 2536 66.
511 2468 726 2556 Ingratitude.

148 2616 240 2696 Apud
263 2619 398 2696 antiquos
422 2618 574 2696 scriptores
599 2619 692 2679 multe
719 2616 842 2697 legimns
869 2617 905 2680 de
929 2620 1054 2697 quodam

108 2713 215 2790 equite,
239 2711 291 2788 qui
315 2710 488 2788 Philippum
513 2709 644 2790 (dequo
668 2729 755 2789 supra
782 2711 1054 2792 demonstravimus)

108 2803 332 2866 mansuetudine
365 2804 563 2881 exsuperabat.
614 2803 693 2864 Huie
720 2803 808 2878 enim,
837 2803 907 2864 dum
941 2806 1055 2865 saueius

107 2898 194 2958 humi
203 2898 290 2975 jaret,
306 2915 410 2974 aquam
425 2897 518 2960 multo
532 2897 632 2960 labore
650 2901 853 2975 apportaverat
865 2897 981 2957 amicus
1026 2899 1057 2958 Is
1069 2875 1073 2911 ¹

108 2994 207 3052 autem
230 2990 340 3068 insigni
363 2989 541 3050 abstinentis
568 3008 673 3070 aquam
696 2989 751 3050 uni
774 3009 812 3050 ax
837 2989 980 3065 hostibus,
1006 2991 1058 3068 qui

104 3087 196 3164 juxta
205 3084 329 3162 jaodbat,
341 3084 484 3163 integram
497 3084 639 3162 praebuit.
676 3082 719 3143 At
731 3083 858 3162 perfidus
871 3082 972 3157 hostis,
988 3083 1058 3143 dum

109 3180 221 3240 donum
241 3179 355 3256 aoaipit,
377 3178 471 3240 oultro
491 3197 620 3254 manum,
635 3197 709 3258 quse
728 3177 867 3256 poanlum
886 3177 1056 3255 porrigebat,

109 3273 284 3336 vulneravit
329 3273 404 3334 Tum
430 3292 517 3352 eques
537 3274 650 3351 ingrato
671 3272 728 3333 viri
748 3271 845 3332 animo
865 3270 964 3343 iratus,
984 3276 1058 3348 post-

111 3383 199 3448 quam
221 3387 287 3432 eum
311 3368 424 3428 modios
447 3367 623 3446 culpaverat,
644 3369 755 3448 partam
779 3382 870 3443 aquae
890 3364 954 3441 ipse
973 3363 1058 3447 bibis,

112 3469 224 3540 partem
238 3468 336 3526 tamen
351 3462 430 3524 hosti
443 3462 548 3524 iterum
561 3460 650 3522 dedit
