2375 3875
480 217 753 287 ibaarlatlona.

492 487 561 559 τις.
582 474 752 541 aomar

187 624 307 686 Mulieri
318 625 440 701 auidam,
454 644 529 705 quae
541 626 632 706 Arpis
643 626 803 700 habitabat,
817 643 870 687 vae
889 626 950 685 erat
962 621 1089 682 ferreum

147 718 226 778 haud
238 719 281 778 ita
292 736 437 797 magnum,
448 736 506 797 quo
519 720 619 781 eibum
628 738 750 798 aequare
758 718 877 780 ualebat
919 716 981 776 Fur
989 718 1088 774 autam

146 810 303 888 improbus,
316 812 387 873 dum
401 812 464 890 ipra
475 812 566 888 abeat,
577 813 697 873 domum
710 813 857 890 ingraeeue
868 828 920 871 rae
933 808 1031 886 rapuit
1043 807 1089 867 ira

146 920 203 981 que
221 902 309 963 silvae
329 902 427 965 eraut
470 902 536 981 Qui,
551 906 632 982 quod
650 923 703 967 vae
725 922 811 981 grave
835 907 905 977 erat,
926 920 981 961 naa
1000 900 1087 959 iaaile
1162 957 1163 990 ,

145 998 270 1073 portatu,
297 996 386 1074 rapiti
412 1014 486 1057 unua
511 997 661 1075 imposuit,
684 997 807 1075 iterque
833 993 969 1074 pergebat
992 993 1086 1071 primu
1163 1043 1164 1068 ,

145 1088 275 1163 mutiue3
287 1089 392 1149 deinde
402 1088 525 1151 ahmam
534 1091 718 1169 aequantium
727 1090 904 1169 perterritae,
913 1087 1085 1166 properandi

144 1190 238 1259 mura,
257 1204 367 1247 currere
385 1186 496 1266 inuipit
538 1186 582 1247 Aa
601 1206 654 1249 ree
676 1187 774 1248 aubite
793 1191 877 1248 motu
895 1187 1086 1258 turbatum

144 1298 257 1341 eummu
276 1280 369 1357 eapite
392 1280 430 1339 ad
450 1280 585 1341 humatae
607 1280 730 1359 lepram,
755 1284 851 1340 totum
874 1278 993 1340 vultum
1012 1278 1085 1337 iuria

144 1373 263 1434 obtexit
306 1372 380 1433 Tum
396 1372 429 1447 ie,
445 1374 524 1452 quod
542 1391 597 1435 nee
612 1374 725 1434 diutine
744 1374 823 1435 riam
843 1372 942 1432 videre
962 1375 1083 1449 peterat,

143 1484 196 1525 neu
217 1464 278 1525 ullo
297 1465 384 1525 modo
403 1472 491 1545 eaput
510 1466 661 1527 extrahere
684 1485 722 1526 ex
745 1484 823 1541 vara,
843 1464 922 1544 quod
942 1464 1085 1525 artimime

143 1558 287 1631 haerebat,
314 1575 429 1619 auruum
458 1576 519 1619 uou
550 1559 654 1620 tenuit
710 1560 815 1637 Itaque
844 1576 864 1618 a
895 1556 1085 1637 aequantibue

142 1655 251 1730 eaptus,
265 1648 412 1713 maniieeti
424 1648 523 1713 ieiiuti
536 1668 644 1731 poenae
655 1650 789 1713 axeoirit

463 1858 531 1926 116.
559 1859 626 1924 Tae
639 1860 765 1927 Falcon.

181 1996 269 2059 Caiue
292 1994 400 2058 nobilia
422 1995 541 2074 quidem
565 1995 724 2074 Hirpinus,
743 1996 871 2058 venandi
889 1993 989 2056 studio
1008 2011 1084 2056 aom-

141 2091 237 2170 plurea
263 2107 348 2150 aauer
376 2088 591 2168 aauipitreeque
618 2089 700 2150 domi
725 2088 827 2151 alebat
884 2088 958 2149 Mox
984 2092 1084 2149 autem

139 2201 248 2262 pauper
266 2181 360 2242 fertur
379 2199 478 2242 omues
498 2181 624 2242 vendere
641 2185 757 2242 auaatue
780 2184 833 2255 aet,
854 2185 967 2259 praeter
989 2199 1083 2241 unum

139 2276 311 2354 auripitrem,
332 2293 418 2353 quam
441 2275 566 2336 maxime
589 2275 712 2336 amabat
754 2274 844 2336 Haud
867 2275 968 2354 procul
989 2275 1027 2335 ab
1047 2295 1084 2337 eo

138 2370 201 2432 luae
224 2387 290 2429 aum
313 2387 403 2447 parvo
426 2367 487 2428 filio
510 2367 661 2429 habitabat
681 2367 795 2444 Fulvia,
816 2369 925 2430 iamim
944 2368 1028 2429 dirae
1052 2375 1085 2431 et

139 2481 231 2537 avare,
256 2480 343 2539 quam
366 2461 473 2522 multoe
496 2480 547 2539 per
573 2479 665 2523 annue
690 2462 778 2524 Caius
805 2463 838 2522 in
863 2462 1084 2524 matrimonium

138 2553 241 2617 <iuuere
259 2554 383 2616 volebat
426 2553 484 2614 Illa
504 2557 610 2629 autem,
631 2556 687 2616 etei
710 2557 820 2617 amanti
842 2555 936 2635 primo
959 2557 1082 2635 iuverat,

138 2649 257 2728 pauperi
275 2647 385 2709 nubere
407 2647 508 2709 noluit
550 2648 638 2709 Forte
661 2649 783 2711 Fuluiae
806 2649 893 2725 filiae,
914 2650 1084 2729 aeaipitram

138 2744 202 2806 Caii
221 2740 395 2821 jamdudum
418 2742 547 2819 miratae,
571 2741 672 2804 alitem
695 2741 818 2822 optauit,
842 2763 896 2805 nee
919 2743 978 2804 alio
1001 2745 1084 2805 duna

137 2836 243 2915 placari
261 2839 393 2915 poterat3
414 2835 534 2896 tandem
554 2835 692 2914 eupidine
711 2841 742 2897 et
761 2836 859 2898 dolore
879 2837 1029 2899 eonieetue
1047 2838 1084 2898 in

136 2949 253 3009 gravem
265 2930 398 2991 morbum
407 2927 519 2990 aeaidit.
561 2928 638 2989 Tum
650 2933 742 2990 mater
754 2927 859 2991 infelix
872 2928 978 2991 caium
987 2931 1084 2991 viuere

137 3023 295 3098 comtituit,
322 3040 474 3100 avemque
505 3039 611 3098 rogare
652 3020 696 3082 At
729 3021 819 3082 cuiue
848 3021 904 3082 ubi
929 3021 1085 3084 mulierem

136 3117 291 3177 meantem
309 3115 399 3189 ridet,
421 3113 501 3192 quod
519 3113 597 3175 nihil
612 3115 675 3192 jam
696 3113 755 3174 aibi
774 3112 854 3174 domi
874 3113 1010 3189 habebat,
1027 3133 1084 3176 neu

136 3229 199 3272 eam
211 3209 294 3270 nulio
307 3208 435 3286 aaaipere
449 3205 579 3284 hospitio
597 3205 746 3281 tolerabat,
761 3206 858 3268 viatur
870 3225 968 3268 amore
979 3208 1083 3270 alitam

136 3301 313 3364 arsamum
322 3298 957 3378 interieritaoutumquepropueuithoepiti
998 3301 1082 3362 Haec

136 3393 188 3452 ubi
197 3391 287 3452 eeneii
295 3387 410 3462 Fulvia,
421 3389 473 3448 tali
487 3407 582 3448 amore
593 3389 735 3468 mitigati,
750 3390 822 3451 Caio
835 3390 955 3450 taudem
967 3393 1079 3471 nupeit.
