2375 3875
400 312 673 381 hameledona.
960 314 1004 374 ⁴21

62 512 169 585 captat
212 509 287 569 Tum
314 507 456 569 exclamat
482 506 630 580 Boeotiae,
653 506 743 565 “Vua
769 509 866 565 tanite
889 503 1008 565 firmiter

62 620 129 661 maa
156 621 245 676 crura,
270 621 339 661 nam
365 621 469 661 manua
496 602 601 661 durum
627 599 741 677 lignum
769 600 863 660 terit”
912 596 1007 659 simul

62 694 144 754 laxet
157 714 268 771 manus,
284 699 313 755 et
327 712 426 754 omnes
439 694 471 752 in
485 713 589 771 aquam
602 692 749 755 decidunt.

438 991 487 1055 24
511 974 637 1059 Logz'c!

105 1126 244 1189 Rusticus
264 1127 343 1201 elin,
358 1126 477 1188 nomine
498 1126 620 1201 Gellius,
635 1126 683 1187 vir
696 1128 779 1188 diver
799 1128 850 1189 aad
863 1128 1005 1204 induetur,

62 1222 157 1283 mittit
165 1220 416 1281 filiumadludum
428 1219 562 1293 Zendnia‚
571 1220 710 1297 praeclari
719 1220 892 1299 philosophi
935 1221 1008 1282 Poat

62 1315 176 1391 aliquot
195 1332 287 1373 annea
307 1313 384 1373 filine
405 1310 511 1389 repdtit
529 1317 683 1389 paternum
700 1318 819 1388 tautum,
833 1320 863 1373 et
876 1320 1007 1392 parentas

62 1412 118 1468 anie
137 1407 280 1485 sapientie
303 1406 446 1479 deleetat;
469 1424 539 1465 nam
562 1424 662 1466 omnen
686 1406 802 1483 ingenie
825 1412 856 1467 et
879 1427 1008 1469 sermone

63 1501 226 1579 superabat.
269 1499 344 1559 Mox
367 1503 466 1558 tamen
486 1498 606 1575 juvenis
630 1498 761 1576 diepiitat
784 1519 851 1560 eum
870 1505 950 1579 patre
971 1502 1008 1561 de

63 1594 148 1654 uultu
169 1612 322 1667 arvornm3
344 1591 464 1651 tandem
484 1592 583 1664 iretur,
599 1590 702 1651 baeulo
723 1597 811 1671 eaput
823 1599 854 1653 et
873 1593 1008 1655 humdroa

63 1688 144 1748 aenis
161 1687 301 1747 verberat
346 1685 399 1745 “O
421 1684 582 1758 scelerate?
603 1686 746 1746 exclamat
766 1686 887 1763 Gallius,
910 1692 1008 1748 “num

63 1781 198 1841 verberas
217 1776 371 1857 patremi''
414 1777 613 1855 “Equidem''
632 1778 782 1855 respondit
801 1779 928 1856 juvenis,
947 1752 1007 1843 d‘et

64 1879 161 1936 reete:
203 1891 301 1933 nonna
335 1877 369 1931 tu
402 1889 449 1929 me
482 1889 606 1949 pervum
638 1890 761 1949 puerum
794 1873 1006 1934 verberabaei’'

67 1971 137 2030 “At
147 1972 259 2030 invitus
270 1969 458 2030 verberabam
468 1971 506 2042 te,
517 1973 546 2028 et
556 1987 609 2046 pro
619 1972 670 2028 tud
679 1969 833 2029 utilitate.’'
875 1972 942 2032 “Et
954 1991 1006 2051 ego

65 2064 154 2124 hodia
167 2063 287 2125 verbero
300 2067 330 2124 ta
343 2081 395 2142 pro
409 2064 460 2122 tuse
473 2061 609 2138 utilitate,
624 2065 654 2121 et
667 2061 804 2123 invitm''

396 2341 446 2412 25.
477 2328 556 2394 Wat
572 2329 604 2394 Τ
593 2329 673 2410 yler.

106 2483 256 2558 Ricardue,
279 2481 374 2542 adhue
391 2481 518 2558 juvenis,
534 2482 663 2541 succedit
683 2501 770 2560 regno
790 2482 1003 2552 Britannorum

66 2580 141 2639 Mox
168 2584 227 2638 erat
253 2575 349 2654 gravia
376 2573 480 2634 seditio
507 2573 609 2650 plebis.
651 2574 707 2634 Vir
733 2579 865 2654 rustinus,
889 2582 1006 2643 nomine

66 2671 195 2750 Figulus,
223 2669 391 2729 seditiosam
418 2665 534 2726 turbam
560 2666 692 2728 ducebat.
743 2668 878 2747 dam-que
904 2673 1007 2752 ingena

65 2771 181 2827 caterva
193 2762 351 2823 intraverat
363 2760 467 2820 urbem
486 2759 673 2836 Londinium,
688 2765 719 2822 et
738 2764 836 2823 omnia
855 2766 1003 2844 spoliabat

67 2859 141 2918 Inde
154 2855 224 2916 dum
235 2855 312 2914 eires
326 2853 468 2913 claudunt
477 2853 612 2913 tabernas
623 2859 653 2913 et
662 2853 761 2932 fugam
774 2860 897 2934 tentant,
909 2862 1006 2924 subito

65 2972 118 3012 rex
134 2948 253 3027 juvenis
272 2966 340 3008 eum
359 2946 459 3026 paneis
478 2947 627 3023 equitibus
644 2947 733 3009 adeat,
775 2948 897 3028 Figulum
910 2961 1007 3017 autem

65 3042 220 3125 prehendit
256 3040 324 3118 equi
360 3039 435 3118 regia
467 3039 602 3101 habenae.
659 3040 730 3102 Sina
763 3047 842 3104 mori,
872 3049 1006 3126 magister

65 3141 198 3215 equitum
218 3134 335 3212 stringit
353 3133 483 3210 gladium
504 3133 677 3211 deciditque
696 3133 845 3196 hominem
860 3140 1003 3204 audacem

65 3229 173 3292 Statim
200 3246 299 3288 omnes
326 3231 445 3286 sumunt
472 3245 557 3300 arma,
586 3226 780 3306 tendunt-que
806 3250 894 3293 arcun
940 3235 1005 3296 Rex

65 3317 487 3400 autemproeeditiumedium
533 3317 829 3399 “Gemitea,''inquit,
844 3326 1006 3404 “hiejaeet

65 3421 160 3478 vester
182 3414 252 3490 dux,
277 3433 331 3473 nee
355 3431 483 3488 unquam
506 3415 642 3490 resurget
684 3413 832 3492 Depenite
854 3419 930 3494 tela3
952 3441 1005 3500 ege

65 3509 185 3586 posthae
199 3526 247 3568 ero
259 3506 344 3569 vebia
358 3505 445 3565 duru''
