2375 3875
429 240 704 313 Transhtione.
999 246 1039 307 sa

90 440 245 518 dejiciunt,
266 460 355 519 quam
381 439 495 517 aquilae
521 439 559 499 ab
586 439 646 499 imi.
669 439 747 500 valle
769 440 803 499 in
826 439 911 499 nidos
931 439 1038 502 ierunt

90 534 168 594 Inde
176 538 348 595 mercatores
355 552 460 611 magno
469 532 593 594 clamore
602 551 670 593 aves
681 532 841 610 depellunt,
852 532 1041 611 gemmisque

90 628 172 690 carui
202 626 426 691 adhaerentibus
451 626 511 706 ipsi
537 627 698 705 potiuntur.
754 626 841 703 Quod
867 627 921 687 ubi
947 626 1040 688 Sinon

90 723 238 802 cognovit,
258 708 414 801 postqu'am
436 740 499 781 sese
523 740 612 799 quam
639 719 772 797 plurimis
798 720 920 798 gemmis
944 738 1041 781 onera-

89 822 182 889 verat,
197 834 283 876 suum
303 833 407 893 corpus
427 814 465 874 ad
484 832 601 873 carnem
620 812 760 891 alligavit,
775 817 924 891 tutusque
937 817 1042 892 magna

89 909 191 987 aquilis
203 909 242 968 ad
253 908 360 968 nidum
373 908 451 967 latus
464 911 516 967 est.
559 905 649 967 Unde
668 905 706 966 ad
726 906 828 966 urbem
848 906 1041 985 propinquam

90 1002 177 1063 facile
190 1001 349 1076 descendit,
363 1016 558 1079 gemmasque
571 1018 677 1077 magno
690 1000 785 1077 pretio
797 1000 940 1061 vendidit

365 1245 433 1311 123.
463 1226 527 1292 Tae
544 1225 675 1294 Giant’s
692 1226 783 1295 Cave.

134 1376 217 1437 Idem
230 1375 333 1451 Sinon,
345 1394 382 1435 ue
396 1376 443 1435 his
456 1374 574 1453 quidem
588 1373 703 1436 divitiis
717 1380 879 1452 contentus,
894 1375 1043 1438 Oceanum

91 1473 200 1533 iterum
213 1473 325 1529 tentare
345 1468 498 1529 constituit
507 1489 517 1543 3
538 1467 624 1527 celeri
645 1468 735 1545 igitur
755 1487 830 1530 nave
853 1488 920 1530 cum
943 1471 1043 1548 paucis

91 1562 179 1625 sociis
197 1566 307 1637 vectus,
328 1562 425 1623 ventis
448 1562 576 1622 adversis
600 1560 637 1621 ad
661 1566 765 1621 terram
788 1562 919 1640 ignotam
941 1564 1044 1641 pulsus

91 1663 146 1733 est,
160 1673 248 1733 quam
257 1654 425 1714 incolebant
437 1654 571 1715 homines
581 1653 697 1714 barbari
709 1654 831 1715 advenis
840 1656 1040 1719 inimicissimi

91 1750 137 1810 Hi
157 1743 274 1826 scaphis
294 1766 399 1809 navem
418 1748 550 1826 aggressi,
566 1746 708 1810 Sinonem
727 1749 876 1825 sociosque
896 1749 1044 1811 duxemut

92 1844 132 1904 ad
145 1861 233 1903 suum
251 1860 356 1920 regem,
371 1840 518 1919 gigantem
538 1841 704 1915 immanem,
719 1842 815 1919 specie
835 1842 976 1918 horribili,
992 1844 1044 1920 qui

91 1956 187 1998 unum
210 1934 298 1997 modo
325 1934 443 1996 oculum
465 1934 499 1994 in
522 1933 620 1996 madia
640 1934 737 1995 fronte
759 1936 889 2014 positum
907 1934 1041 1998 habebat

93 2033 169 2104 Rex,
179 2033 335 2107 postquam
348 2028 479 2105 captivos
499 2045 601 2088 omues
620 2046 710 2087 manu
729 2027 843 2105 ingenti
862 2032 1042 2104 tamtaverat,

92 2143 132 2184 ex
151 2122 199 2196 iis,
216 2139 304 2198 quem
323 2119 549 2199 pinguissimum
559 2119 720 2197 judicavit,
741 2120 809 2198 igne
828 2125 939 2181 tostum
959 2121 1044 2184 devo

92 2216 179 2278 ravit.
222 2213 319 2275 Ceteri
345 2218 452 2290 tamen,
473 2213 555 2291 quod
577 2214 694 2274 meante
713 2232 732 2272 e
751 2212 881 2273 barbaris
904 2215 1043 2275 custodie-

93 2311 212 2381 bantur,
234 2307 336 2368 eodem
359 2325 440 2381 veru,
465 2325 524 2385 quo
548 2325 644 2367 comes
666 2306 772 2366 infelix
794 2306 951 2366 banstins
974 2313 1043 2381 erat,

93 2401 212 2463 oculum
232 2399 359 2478 gigantis
372 2400 544 2460 dormientia
563 2399 790 2474 transfoderunt,
805 2403 836 2460 et
855 2399 929 2461 velis
948 2402 1045 2460 remis·

93 2514 152 2573 que
166 2514 184 2554 a
197 2497 273 2554 terra
287 2493 460 2572 inhospitali
473 2493 618 2570 fugerunt.

338 2737 404 2802 1²4
433 2720 500 2786 The
514 2720 625 2800 Rcyal
637 2720 815 2803 Sepulchra.

138 2873 228 2935 Haud
241 2874 285 2932 ita
298 2873 391 2933 multo
405 2877 472 2950 post
485 2870 622 2933 secundis
635 2874 731 2934 ventis
745 2872 839 2934 Sinon
852 2864 996 2954 ‘sociique
1009 2880 1047 2938 ad

96 2966 225 3029 insulam
248 2965 374 3026 fertilem
398 2970 429 3026 et
453 2974 580 3043 opimam
605 2966 684 3026 vecti
704 2972 782 3026 eunt
829 2966 895 3043 Quo
918 2969 952 3027 in
974 2969 1046 3045 loco,

96 3062 169 3121 dum
192 3057 286 3119 Sinon
310 3057 408 3118 studio
429 3058 547 3135 frugum
570 3057 778 3135 sumendorum
800 3057 918 3136 longius
939 3079 957 3120 a
979 3063 1048 3122 navi

97 3157 182 3228 errat,
197 3151 313 3212 aeoeiis
332 3151 502 3211 infidelibus
522 3150 641 3210 relictus
661 3156 712 3211 est.
755 3151 821 3210 Rex
841 3157 939 3211 tamen
958 3153 1048 3231 hujus

98 3245 212 3306 insulae
221 3245 367 3324 hospitem
378 3245 503 3322 benigno
514 3244 634 3321 accepit,
645 3263 785 3322 suamque
793 3244 894 3319 filiam,
906 3247 1049 3324 virginem

98 3338 333 3418 pulcherrimam,
346 3337 373 3398 ei
381 3337 416 3396 in
428 3337 646 3397 matrimonium
656 3336 746 3397 dedit
791 3337 828 3396 Id
841 3342 940 3398 tamen
952 3340 1050 3401 minus

99 3450 236 3510 prospere
250 3431 366 3504 evenit3
385 3448 461 3489 uxor
473 3430 551 3489 enim
566 3429 687 3490 Sinonis
699 3428 834 3506 pmximo
847 3449 923 3490 anno
937 3438 1050 3493 mortua
