2375 3875
414 282 687 354 Translationa.
980 288 1018 347 2³

75 474 122 535 At
145 496 217 554 puer
236 479 287 555 jue
310 478 413 539 abnuit
437 484 467 539 et
489 484 570 559 optat
590 491 653 541 eva
695 478 789 539 Tarte
808 478 927 539 faetidio
946 479 1019 540 irata

75 570 180 629 nutrix
202 571 300 632 eibum
327 576 449 646 emeret,
472 592 663 650 puerumque
689 572 727 632 ad
752 572 859 631 laetum
882 573 1018 649 jejunum

76 661 210 722 dimittit
253 663 397 724 Postridie
407 666 457 741 jue
470 670 514 724 eet
533 667 639 725 iterum
652 668 739 743 eaput
752 683 857 725 eoenae
864 686 874 740 3
894 669 925 724 at
937 684 1016 743 puer,

75 754 134 813 etei
154 755 240 815 valde
260 757 409 830 esuriebat,
430 758 537 818 iterum
563 758 712 818 reeueavit
765 757 901 834 Jamque
926 758 1017 818 famae

75 864 182 924 eorpus
194 845 322 926 Augusti
341 850 534 926 consumebat,
549 854 648 909 tanen
666 850 700 909 in
719 868 772 910 auo
788 849 1017 910 consiliumne

74 939 130 998 bat
143 958 233 1016 puer3
252 944 283 999 et
294 940 374 1001 haud
386 942 428 1002 ita
440 942 535 1002 multo
548 947 615 1022 poet
627 942 764 1021 migravit
776 941 813 1001 de
825 946 896 1003 viti.

370 1274 418 1340 29.
444 1256 542 1324 Cruel
551 1256 729 1324 Fredm'ck.

109 1408 293 1491 ,Frederteue
307 1427 380 1487 puer
398 1408 522 1491 crudelia
627 1409 742 1481 ,amavit
759 1408 913 1486 animalia;
932 1429 1016 1489 saepe

75 1506 236 1568 divellebat
255 1508 315 1567 alae
333 1524 496 1567 marearum
516 1509 547 1581 et
587 1504 683 1589 ¹rutae
705 1506 889 1567 formicarum
907 1508 1016 1568 aeubua

75 1600 276 1676 transfigebat
345 1598 512 1676 Aliquando
552 1598 678 1659 vexabat
720 1598 886 1676 Trajanum,
929 1619 1016 1660 suum

75 1710 186 1766 canem,
200 1692 278 1751 auxie
297 1695 328 1750 et
342 1690 516 1752 verberibua
560 1690 651 1767 Saepe
671 1696 752 1769 pater
771 1691 955 1752 Frederieum
973 1693 1016 1752 ita

75 1785 207 1845 monuit:
230 1787 249 1817 “
256 1783 334 1845 Cave
347 1802 454 1858 canem,
466 1801 563 1843 nonne
577 1783 679 1843 deutee
691 1784 780 1844 habet
792 1785 933 1843 aeutoei”
972 1783 1015 1845 At

76 1896 149 1955 puer
161 1876 250 1938 verba
269 1877 359 1955 patrie
379 1875 500 1954 negligit
520 1881 550 1936 at
569 1894 659 1936 manu
679 1875 800 1938 caudam
819 1875 917 1936 mieeri
936 1877 1015 1938 eenie

75 1975 200 2048 torquet.
240 1970 303 2031 Diu
321 1970 461 2046 Trajanue
483 1989 544 2029 rem
567 1971 712 2047 patienter
733 1968 843 2030 tolerat
885 1968 1015 2030 Tandem

75 2065 167 2123 iratus
193 2063 305 2124 mordet
331 2064 463 2123 dextram
489 2065 578 2140 pueri
626 2063 793 2122 Frederieue
819 2062 922 2122 multis
947 2081 1014 2123 eum

75 2156 202 2217 laerimie
227 2161 338 2234 patrem
364 2156 446 2234 petit.
503 2155 591 2216 “Cur
624 2155 767 2232 tandem,”
794 2155 891 2233 inquit
924 2161 1013 2232 pater,

77 2255 95 2284 ‘⁶
103 2268 202 2309 meum
214 2249 365 2319 eonsilium
378 2245 561 2325 negligebaet
571 2249 587 2279 '’

340 2578 389 2644 30.
412 2561 535 2627 Follow
549 2559 601 2626 tlte
614 2561 749 2626 Leader.

115 2720 226 2792 Pastor,
251 2716 369 2777 nomine
389 2715 563 2793 Panurgiue,
586 2713 693 2774 multae
716 2732 785 2774 ovea
812 2713 956 2791 habebet3
982 2719 1013 2776 at

74 2812 157 2872 divae
180 2810 295 2870 ricinus
317 2808 424 2885 viginti
450 2826 486 2867 ex
512 2825 632 2868 numero
659 2806 803 2866 subducit
845 2806 950 2868 Pastor
975 2809 1013 2869 ad

72 2903 202 2980 judicem
227 2901 367 2979 pauperat,
394 2901 555 2976 furemque
580 2904 702 2960 aeer'reat.
756 2898 814 2960 Sed
837 2901 938 2978 judex,
967 2904 1012 2963 vir

74 2997 253 3069 inhonestus,
268 3013 336 3071 prae
347 2993 451 3053 timore
464 2993 565 3053 divitie
577 2993 636 3053 viri
648 2995 745 3069 prdoee
757 2994 880 3069 pastoria
891 2996 1009 3072 spernit.

74 3091 150 3150 Tum
162 3091 260 3165 pastor
272 3086 422 3146 humiliter
430 3086 540 3146 aceedit
550 3085 588 3145 ad
600 3085 711 3147 furem:
734 3088 752 3120 ‘¹
759 3086 893 3162 Retine‚’'
905 3088 1009 3165 inquit,

77 3187 180 3255 “ovee,
204 3181 243 3240 da
267 3180 342 3239 mihi
368 3183 465 3238 tamen
492 3179 618 3253 arietem,
647 3179 750 3239 dueem
775 3180 894 3257 gregw
941 3181 1008 3254 Fur,

74 3278 216 3349 incautus,
241 3274 357 3334 arietem
394 3271 451 3330 dat
507 3269 576 3330 dam
615 3277 713 3348 paster
737 3273 818 3334 tollit
843 3272 952 3332 animal
977 3274 1010 3334 in

74 3370 208 3429 humeros
228 3371 258 3426 et
277 3364 407 3425 dieeedit.
448 3363 492 3424 At
513 3382 581 3424 oves
602 3364 727 3424 audiunt
746 3383 847 3426 roeem
869 3365 960 3446 datie,
980 3369 1011 3426 et

72 3463 225 3524 universae
238 3465 341 3521 notum
355 3457 431 3519 dvile
445 3458 491 3517 eui
504 3457 615 3518 domini
628 3464 739 3536 petunt
