2375 3875
498 267 769 335 translations.

498 543 547 621 83-
569 541 777 623 Hospitalis.

203 692 300 752 Multa
327 693 493 755 audivimus
519 695 557 753 de
583 694 658 752 luxu
685 693 865 771 divitiisque
894 713 995 754 eorum
1021 712 1111 753 saeer-

163 786 273 859 dotum,
294 789 346 863 qui
371 789 458 847 saeris
479 786 590 848 Cereris
613 793 781 863 prae-erant
823 788 871 845 Ex
894 786 942 845 bis
962 805 1048 858 unus,
1063 786 1111 843 oui

162 898 269 937 nomen
301 885 362 939 erat
394 881 498 958 Lycus,
528 899 694 956 quanquam
722 880 849 938 modious
874 880 962 937 modo
989 879 1111 937 divitias

161 970 295 1047 habebat,
311 992 411 1033 omnes
424 974 496 1033 alios
510 974 691 1049 benignitate
704 979 734 1031 et
751 972 924 1031 liberalitate
943 972 1106 1049 superabat

162 1064 221 1122 Hie
241 1067 328 1141 enim,
349 1068 402 1143 qui
421 1068 551 1144 quotidie
572 1068 671 1125 eibum
691 1065 781 1125 semel
804 1064 915 1139 edebat,
937 1085 1052 1142 semper
1070 1065 1109 1123 ad

161 1157 304 1233 frugalem
331 1176 450 1219 coenam
477 1160 563 1219 binos
590 1178 732 1236 pauperes
755 1158 885 1218 vocabat
938 1156 1108 1233 Aliquando

160 1251 232 1309 dum
258 1271 324 1310 oum
351 1252 464 1312 duobus
498 1252 674 1330 pauperibus
708 1271 827 1311 coenare
860 1252 973 1328 insipit,
1003 1251 1108 1309 tertius

160 1344 273 1422 hospes,
288 1366 374 1422 quem
393 1347 457 1423 ipse
476 1366 537 1406 non
550 1352 712 1421 vocaverat,
727 1346 847 1404 domum
859 1344 987 1404 intravit
1031 1344 1106 1401 Tum

159 1439 264 1515 Lycus,
280 1440 452 1514 qnodeoeua
462 1443 599 1512 quattuor
611 1440 743 1498 convivis
756 1458 817 1497 non
827 1438 1009 1514 suppetebat,
1019 1458 1106 1496 sunm

159 1532 267 1591 lectum
294 1532 422 1591 advenae
449 1533 590 1591 consessit
611 1532 750 1612 (Romani
771 1532 859 1605 enim,
880 1531 952 1589 dnm
972 1535 1104 1604 coenant,

158 1626 192 1683 in
203 1624 287 1683 lentis
306 1643 418 1701 semper
434 1624 591 1704 jacebant).
637 1626 735 1698 “Tu'’
748 1625 854 1700 inquit,
871 1622 985 1683 “hodie
998 1642 1105 1695 ooena;

158 1718 292 1795 equidem
315 1717 378 1777 heri
402 1719 540 1793 coenavi3
573 1737 635 1777 oras
661 1737 778 1797 quoque
805 1718 832 1777 si
858 1717 904 1776 dis
931 1716 974 1776 ita
999 1717 1102 1794 planet,

157 1808 308 1870 coenabo.”

360 1985 412 2066 84
434 1987 578 2066 Honesty
593 1987 624 2051 is
638 1987 690 2052 the
704 1988 771 2053 best
783 1988 901 2069 Polisy.

195 2137 313 2213 Pedius,
328 2139 452 2216 agricola
466 2141 582 2218 probus,
594 2143 647 2217 qui
656 2141 750 2200 multo
764 2142 861 2201 labore
871 2139 983 2216 aliquid
993 2140 1103 2214 argenti

155 2230 314 2306 eollegerat,
336 2251 453 2292 vaooam
480 2233 600 2292 tandem
622 2235 701 2309 emit,
723 2235 807 2310 enjus
833 2234 908 2292 laete
935 2236 966 2290 et
989 2250 1051 2290 sese
1072 2237 1103 2290 et
1148 2277 1154 2288 .

154 2322 261 2381 liberos
273 2323 375 2384 elebat
421 2325 591 2402 Complures
610 2345 722 2386 menses
742 2327 812 2385 satis
832 2324 934 2402 pabuli
946 2323 1103 2400 praebebat

154 2421 269 2491 pratum
289 2416 370 2476 haud
389 2418 433 2478 ita
451 2438 589 2496 magnum
599 2439 609 2493 3
628 2425 660 2479 at
679 2420 776 2479 medii
795 2423 911 2493 aestate,
926 2416 1006 2493 quod
1024 2421 1103 2475 totus

154 2529 220 2586 ager
239 2509 338 2568 ardore
358 2511 429 2570 solis
449 2513 620 2586 torrebatur,
634 2512 687 2570 illa
706 2513 782 2572 fame
802 2512 905 2570 misere
932 2529 1030 2587 pressa
1049 2514 1100 2568 est

153 2602 219 2661 Hoc
232 2603 285 2662 ubi
298 2604 389 2663 sensit
409 2605 527 2679 Fadius,
542 2605 622 2682 quod
641 2605 779 2663 acerrimo
799 2604 897 2663 dolore
920 2600 1104 2679 perturbatus

154 2701 205 2770 est,
221 2694 259 2754 ad
278 2695 414 2756 horreum
434 2699 536 2758 divitis
556 2698 660 2771 coloni,
675 2698 729 2774 qui
742 2715 803 2756 non
822 2695 924 2773 procul
942 2693 1102 2768 habitabat,

154 2792 243 2846 nootu
257 2791 382 2849 secessit
427 2790 485 2850 Hic
505 2796 660 2868 postquam
679 2791 816 2849 humeros
836 2807 940 2864 megno
953 2786 1016 2846 feni
1035 2806 1103 2864 pon-

153 2882 221 2940 dere
246 2883 385 2958 oneravit,
408 2885 505 2942 subito
528 2903 597 2942 suae
616 2884 737 2943 virtutis
763 2900 874 2941 memor
898 2879 1038 2956 pabulum
1057 2879 1104 2937 his

152 2974 250 3034 verbis
264 2974 302 3032 ad
315 2980 420 3034 terram
433 2976 559 3052 dejecit3
582 2976 718 3052 “Magna
738 2981 784 3034 est
803 2974 941 3051 probitas,
956 2989 1010 3030 neo
1029 2971 1103 3029 malo

153 3069 231 3127 furto
245 3087 362 3127 vaccam
375 3088 488 3128 servare
501 3070 595 3130 volo.’'
636 3069 782 3127 Postridie
802 3067 931 3137 colonus,
947 3082 1035 3140 quem
1051 3083 1103 3122 neo

153 3161 263 3220 factum
284 3179 338 3219 neo
359 3161 447 3220 verba
467 3162 553 3221 Padii
573 3161 745 3234 fefellerant,
761 3161 872 3220 donum
891 3157 930 3215 ad
942 3175 1010 3214 enm
1027 3157 1104 3215 misit

152 3261 268 3314 tantum
281 3253 352 3328 feni,
367 3259 511 3330 qnantum
526 3255 656 3331 plaustro
669 3254 739 3314 vehi
757 3259 878 3331 poterat,
894 3268 961 3308 eum
975 3249 1102 3324 epistole,

151 3349 184 3407 in
207 3349 266 3422 qua
289 3344 359 3404 haec
384 3346 492 3424 scripta
515 3351 615 3420 erant;
648 3349 666 3378 ‘⁴
677 3346 786 3423 Magna
806 3363 875 3406 vero
899 3346 944 3401 est
966 3341 1101 3419 probitas,

152 3439 288 3517 equidem
302 3441 400 3496 tamen
413 3444 494 3497 tuam
508 3456 624 3497 vaccam
638 3457 750 3499 servare
764 3436 857 3498 volo.”
