2375 3875
286 580 429 643 Pmclts
448 580 532 642 For
550 581 851 646 TRANSLATION.

127 789 196 852 141.
218 771 304 853 May
317 791 340 834 a
352 771 441 834 Man
454 769 495 834 do
509 769 602 833 what
613 769 653 833 ke
665 769 747 834 likes
759 769 842 836 with
855 770 909 838 his
921 773 1022 838 ouen!

137 936 288 1015 Lysander
320 934 519 1007 Atheniensis,
552 953 644 1012 quum
678 940 771 995 estere
804 937 941 996 animulis
973 937 1043 997 setis

96 1031 246 1107 diligebat,
255 1037 321 1088 tum
333 1046 424 1104 equos
436 1046 550 1088 summo
559 1027 679 1089 fovebat
691 1048 794 1090 emere
836 1030 869 1089 Is
881 1031 960 1105 olim,
971 1031 1043 1090 dum

96 1123 212 1182 Thebes
229 1123 287 1181 iter
304 1121 384 1195 feeit,
398 1122 433 1180 in
451 1121 606 1180 Boeotium
619 1121 765 1198 quendum
776 1122 889 1197 incidit,
903 1124 956 1200 qui
968 1143 1043 1201 equo

96 1236 150 1276 suo
171 1215 209 1276 ob
228 1216 327 1275 neseio
345 1233 434 1291 quem
453 1214 569 1292 uulpem
588 1215 665 1274 mele
688 1216 831 1276 utebatur.
882 1217 969 1293 Quod
991 1218 1044 1276 ubi

96 1311 183 1381 vidit,
211 1308 348 1385 gravibus
380 1307 494 1384 probris
526 1313 640 1367 nutem
666 1309 866 1369 crudelitatem
892 1310 1043 1388 increpuit

98 1403 206 1478 “Quid
219 1401 337 1460 tandem
356 1399 441 1459 idad
454 1404 484 1459 te
496 1401 630 1476 ettinel,”
642 1401 793 1477 respondit
807 1403 865 1462 ille.
910 1406 930 1436 “
937 1404 1044 1464 Nonne

95 1497 168 1555 lieet
202 1495 278 1554 mihi
312 1513 421 1571 equum
458 1494 485 1552 si
517 1495 560 1553 itu
591 1493 688 1571 plseet
720 1495 869 1554 verberare
904 1498 1043 1557 meuml'’

99 1590 284 1664 “Maxime''
307 1589 407 1665 inquit
433 1588 594 1665 Lysander,
617 1588 724 1663 “quod
743 1588 909 1666 exemplum
929 1594 963 1648 tu
982 1610 1045 1667 pre

97 1685 193 1763 ponis,
202 1683 237 1742 id
250 1701 302 1758 ego
314 1682 476 1744 imitebor.'’
510 1681 715 1741 Haeclocutus
725 1701 830 1760 magno
843 1681 954 1758 baculo,
966 1685 1045 1760 quod

98 1797 189 1836 menn
208 1776 349 1853 portebet,
364 1781 478 1854 tergum
496 1777 560 1851 ejus
580 1775 706 1851 graviter
725 1779 755 1834 et
775 1790 859 1852 saepe
871 1775 1041 1837 verberavit

100 1871 194 1930 “Hoe
207 1870 312 1945 enim,'’
324 1871 430 1947 inquit,
446 1869 612 1928 “baculum
630 1887 729 1928 meum
742 1873 793 1929 eet.
836 1868 944 1929 Nonne
955 1869 1045 1949 igitur

99 1965 175 2025 mihi
186 1965 256 2024 lieet
268 1984 311 2038 eo,
325 1965 368 2024 ite
380 1970 415 2024 ut
428 1964 531 2042 placet,
545 1963 634 2022 util'’

321 2265 389 2329 142.
418 2246 486 2311 lee
502 2245 748 2312 Good-natured
756 2248 832 2329 Boy.

142 2401 278 2476 Glaucus,
299 2419 372 2478 puer
391 2400 509 2477 ingenio
529 2398 663 2475 benigno,
684 2418 702 2458 e
721 2403 801 2475 petre
820 2398 926 2457 missus
945 2401 990 2457 est
1009 2398 1046 2456 ed

99 2514 225 2573 pervum
245 2492 394 2570 oppidum,
415 2491 494 2568 quod
513 2492 550 2550 eb
571 2510 605 2549 eo
625 2492 688 2550 loeo
712 2495 777 2550 outo
797 2490 891 2548 millis
909 2506 1045 2566 pessuum

99 2590 207 2649 aberet
250 2586 316 2659 Cui,
337 2586 409 2645 dum
432 2586 488 2644 iter
507 2585 586 2658 feeit,
608 2584 731 2644 occurrit
754 2584 835 2642 cunis
857 2582 933 2641 ieme
956 2602 1047 2661 paene

101 2682 260 2752 coniectus,
282 2680 481 2754 dextrumque
500 2677 631 2737 lambens
652 2677 749 2736 eibum
772 2682 869 2752 petere
889 2676 970 2735 visus
994 2680 1045 2736 est

101 2775 179 2834 Inde
206 2774 334 2833 Glaucus
359 2770 555 2831 misericordis
580 2774 687 2843 motuis,
715 2770 771 2828 etsi
803 2769 865 2847 ipse
895 2770 1046 2845 esuriebat,

102 2888 237 2944 magnam
250 2867 297 2926 sui
310 2866 369 2925 eibi
382 2869 494 2941 partem
507 2863 573 2922 esni
586 2862 676 2923 dedit
719 2862 817 2937 Quum
837 2867 935 2921 eutem
961 2862 1049 2943 paulo

103 2962 219 3038 longius
238 2961 349 3034 ivisset,
366 2953 516 3017 hominem
536 2956 650 3033 aspexit
670 2974 793 3030 eseeum,
816 2956 868 3033 qui
888 2957 921 3015 in
941 2956 1050 3015 flumen

104 3056 256 3133 prolapsus
278 3053 389 3112 moveri
415 3070 476 3110 uon
502 3050 638 3121 audebat,
663 3068 701 3109 ne
728 3052 761 3110 in
788 3070 893 3127 uquam
920 3049 1051 3111 altiorem

103 3149 253 3208 inuideret
296 3146 425 3206 Gleueus
438 3145 536 3221 igitur,
552 3144 606 3202 etsi
624 3143 685 3219 ipse
698 3149 797 3203 nature
811 3162 871 3202 non
884 3146 1004 3219 poteret,
1020 3144 1052 3203 in

105 3261 210 3319 aquam
224 3240 323 3299 stetim
337 3238 463 3311 desiluit,
479 3242 509 3297 et
529 3256 621 3313 quum
641 3236 773 3295 dextrum
787 3236 863 3295 caeci
876 3236 1050 3313 arripuisset,

105 3354 173 3395 eum
207 3333 245 3391 ed
278 3333 370 3407 ripam
404 3330 497 3389 duxit
550 3328 633 3403 Inde,
668 3348 759 3405 quum
792 3344 896 3405 equum
930 3346 946 3385 e
973 3336 1053 3390 veste

106 3426 302 3504 expressisset,
317 3413 354 3481 'ed
369 3422 508 3499 oppidum
523 3440 610 3499 quem
626 3421 768 3481 celerrime
784 3423 846 3482 uor'
