2375 3875
420 228 693 294 'I‘ranslations

332 550 400 616 139.
421 532 454 597 Α
472 530 650 598 Disltonest
665 530 785 617 capo.

121 684 223 758 Dario,
240 683 394 742 Persarum
406 681 475 758 regi,
487 700 589 741 servus
600 682 801 754 erat‚‘nomine
814 683 928 760 Lyden,
939 703 1027 762 quem

71 778 210 837 maxime
229 775 353 836 amabat.
406 773 464 835 oni
489 792 551 848 rex,
572 778 608 833 ut
634 773 778 834 indicium
807 774 1026 838 benevolentiae

71 871 196 948 insigne
208 873 373 948 praestaret,
384 867 418 926 in
430 867 649 927 matrimonium
661 867 745 929 dedit
757 868 885 946 puellam
897 870 1026 948 puloher-

69 965 194 1037 rimam,
221 981 310 1041 quam
336 960 436 1038 regina
462 979 500 1019 ex
526 961 664 1020 omnibus
691 961 806 1021 ancillis
828 961 1026 1024 fidelissimam

69 1056 215 1117 habebat
257 1055 301 1115 Hi
327 1059 434 1129 autem,
463 1053 542 1130 quod
568 1054 631 1113 suis
654 1052 767 1115 divitiis
792 1055 882 1115 nimie
907 1058 1026 1136 prodige

71 1151 247 1224 utebantur,
259 1148 343 1208 brevi
354 1166 496 1226 pauperes
505 1146 586 1220 faeti,
596 1151 632 1208 ut
645 1153 796 1225 argentum
809 1168 847 1208 ex
859 1168 925 1227 rege
937 1151 1025 1229 impe

71 1247 199 1317 ararent,
214 1242 270 1302 hoo
290 1240 445 1301 oonsilium
464 1232 608 1300 inierunt
644 1239 745 1302 Primi
766 1241 832 1301 luoe
854 1243 909 1318 vir,
929 1263 1026 1321 regem

69 1332 421 1415 aggreesmtristivultu
430 1333 578 1392 fortunam
586 1332 735 1409 deplorare
743 1334 857 1413 inoipit.
889 1335 1025 1409 “Uxor’'

71 1427 187 1505 inquit,
203 1430 295 1486 “mea
306 1424 440 1503 proximi
453 1430 539 1484 noete
558 1442 575 1483 e
594 1424 657 1484 riti
670 1424 829 1486 disoeffitfl
868 1426 944 1487 Tum
963 1448 1023 1502 rex,

71 1539 168 1599 quem
180 1518 238 1580 viri
250 1519 377 1579 infelicis
396 1518 536 1592 miseruit,
551 1516 724 1577 oonsolandi
742 1523 835 1593 eausa,
849 1539 1026 1599 purpureum

71 1612 202 1693 pallium
231 1612 410 1689 argentique
437 1610 582 1670 talentum
606 1609 637 1670 ei
662 1610 726 1671 dari
749 1613 846 1689 jussit
888 1614 930 1675 At
951 1634 1026 1675 uxor

73 1707 183 1767 eodem
200 1710 332 1782 tempore
351 1705 506 1781 conjugem
527 1708 676 1763 mortuum
696 1723 792 1766 oorarn
810 1706 909 1783 regina
928 1708 1025 1785 deplo-

72 1796 168 1860 rabat.
211 1798 300 1875 Quae,
314 1802 398 1857 tanto
419 1795 518 1857 dolore
537 1802 625 1872 m'ota,
640 1798 669 1857 ei
689 1802 801 1858 vestem
819 1801 974 1877 pretiosam
994 1806 1024 1860 et

72 1892 142 1954 auri
153 1910 289 1953 nummos
303 1891 517 1971 qninquaginta
530 1890 619 1951 dedit

228 2156 296 2220 14o
319 2139 351 2202 Α
368 2136 547 2203 Dishonest
562 2135 676 2221 Ceupk
690 2137 893 2223 (continued).

116 2293 183 2352 Rex
192 2291 282 2368 igitur
294 2289 425 2366 reginam
436 2289 533 2366 potiit,
547 2288 585 2349 de
597 2294 691 2348 morte
703 2289 825 2350 ancillae
839 2297 899 2351 tam
911 2299 1022 2355 amatae

69 2384 283 2448 consolaturus.
325 2381 401 2441 Inde
415 2382 514 2458 regina
526 2381 565 2440 ad
577 2380 675 2458 regem
683 2400 777 2456 versa,
785 2386 804 2416 ‘⁴
813 2382 927 2445 Gratias
938 2388 1022 2463 tibi,”

69 2477 181 2557 inquit,
197 2479 277 2554 “pro
289 2474 495 2536 benevolentii
507 2494 579 2553 ago;
599 2479 635 2535 tu
646 2479 747 2535 tamen
760 2476 793 2536 in
805 2476 860 2538 hoo
880 2481 1019 2557 euaristi,

70 2571 155 2652 quod
163 2590 228 2631 mea
240 2567 348 2628 aneilla
359 2568 456 2628 adhue
466 2568 551 2643 vivit,
562 2568 610 2628 vir
618 2572 718 2628 tamen
731 2570 794 2646 ejus
806 2577 939 2634 mortuns
951 2576 1021 2636 est''

70 2665 162 2744 Quod
174 2665 228 2725 ubi
240 2682 294 2723 rex
307 2662 421 2722 eredere
434 2660 542 2737 noluit,
556 2666 591 2721 ut
604 2681 666 2722 rem
678 2668 739 2722 tam
758 2664 879 2725 dubiam
898 2670 1021 2746 expliea-

69 2765 148 2832 rent,
163 2758 249 2818 ambo
262 2757 301 2818 ad
314 2776 377 2816 eam
390 2761 503 2834 partem
516 2757 641 2831 aedium,
651 2775 741 2834 quam
750 2759 827 2819 servi
838 2759 1018 2843 habitabant,

70 2854 116 2912 ire
129 2854 261 2929 pergunt
306 2848 374 2908 Huo
388 2849 441 2909 ubi
453 2853 658 2926 pervenerunt,
672 2868 718 2908 ree
730 2850 822 2928 mans
833 2852 867 2912 in
883 2855 1020 2934 ambiguo

72 2949 145 3018 orat,
159 2942 239 3021 quod
252 2945 282 3002 et
295 2941 342 3002 vir
355 2945 386 3002 et
398 2941 517 3016 femina,
532 2941 635 3001 eodem
654 2940 723 3018 rbgo
740 2943 879 3021 impositi,
893 2950 1018 3025 speciem

70 3036 175 3097 mortis
187 3034 373 3114 praebebant.
414 3033 553 3111 Denique
565 3053 626 3109 rex,
643 3036 662 3068 “
669 3034 729 3094 Hio
741 3041 818 3096 oerte
830 3044 962 3101 mortuus
975 3052 1019 3104 eet

72 3136 104 3190 et
116 3129 175 3191 illa.
219 3129 295 3189 Uter
307 3133 406 3189 tamen
419 3128 528 3206 priore
541 3129 605 3188 vita
617 3129 768 3190 disoeseitt
808 3131 842 3192 si
858 3134 926 3210 quis
943 3137 1018 3196 mihi

71 3229 166 3284 totam
179 3241 240 3282 rem
253 3220 448 3300 explioaverit,
460 3221 488 3280 ei
501 3221 623 3297 triginta
635 3240 769 3283 nummos
781 3243 882 3285 aureos
892 3227 1018 3291 libenter

71 3315 175 3376 dabo.''
214 3315 258 3374 At
277 3314 324 3375 vir
344 3315 445 3373 statim
464 3332 481 3374 e
500 3332 569 3390 rogo
589 3312 714 3378 desiluit
760 3317 891 3392 “Mihi'’
909 3321 1014 3400 inquit

72 3413 149 3467 “rex
157 3426 260 3485 magne
270 3425 405 3466 nummos
413 3406 509 3482 redde,
520 3425 574 3483 ego
582 3406 660 3466 enim
668 3408 779 3483 primus
787 3418 918 3473 mortuus
925 3419 1015 3477 eum'’
