2375 3875
138 280 174 344 16
474 279 745 348 rrenelauone.

135 495 207 536 cnm.
251 476 314 536 Nec
338 477 417 536 cunia
441 479 553 536 ricdeat
579 494 717 553 pugnam,
742 475 794 535 sed
817 476 912 536 saevis
939 475 1080 536 dentibus

134 570 228 628 tentet
240 567 327 628 miidb
338 574 459 645 tergum,
470 567 557 629 mtdt
570 569 706 643 frontem,
717 569 801 630 tauri.
843 570 918 628 Tum
931 588 1005 647 puer
1017 588 1078 629 non

134 662 337 739 praetermittit
361 662 547 735 occasionem,
568 666 599 721 at
623 661 722 721 desilit
749 681 787 721 ex
806 662 914 736 arbore,
936 662 1078 739 petit-que

133 754 238 831 fugem.
280 752 447 813 Adversarii
471 772 524 812 nec
546 753 678 813 sentiunt
700 753 807 830 fugam,
833 773 887 813 nec
908 752 1077 831 rilinquunt

133 867 267 926 pugnem.
310 847 414 925 Itaque
428 846 507 907 Nero
521 851 605 905 tutus
624 865 641 906 a
661 851 743 907 tanto
757 846 884 923 periculo
897 846 958 923 agit
970 847 1077 924 gratias

133 942 179 1001 die
192 960 244 1019 pro
257 941 357 1002 salute.

446 1094 493 1162 15.
516 1080 613 1164 Lady
630 1081 766 1147 Godiva.

175 1198 278 1276 Gyges,
299 1215 421 1274 magnus
440 1201 469 1255 et
490 1196 632 1272 superbus
652 1196 794 1273 princepe,
808 1195 934 1273 graviter
952 1195 1076 1256 vexabat

132 1290 242 1351 inedies
267 1290 351 1367 parvi
374 1289 484 1368 oppidi,
508 1288 631 1347 iiuitimi
654 1287 715 1347 suis
738 1289 866 1350 aedibus.
907 1288 1076 1366 Aliquando

133 1383 298 1461 postulabat
313 1403 331 1441 a
347 1382 460 1442 civibus
480 1380 625 1440 tributum
644 1380 744 1440 decem
763 1380 947 1441 talentorum.
989 1380 1076 1443 Cives

133 1478 222 1554 igitur
234 1476 336 1537 multis
349 1475 475 1536 lacrimis
488 1474 703 1537 communicant
717 1473 844 1533 dolorem
864 1493 930 1534 curn
951 1473 1074 1547 Godiva,

133 1590 223 1630 uxore
253 1570 351 1646 Gygis
410 1567 486 1627 Inde
519 1566 644 1639 Godiva,
674 1585 744 1643 prae
776 1567 976 1640 misericordia,
1001 1566 1076 1644 petit

134 1662 249 1723 vinium
261 1680 279 1720 e
292 1659 422 1737 conjiga
434 1666 522 1737 atque
535 1660 681 1737 impetrat,
692 1659 744 1719 sed
757 1659 837 1718 duris
851 1660 1073 1720 conditionibus

134 1757 195 1815 Diu
214 1754 356 1829 haesitat,
375 1753 494 1812 tandem
514 1772 595 1812 amor
615 1753 709 1813 vincit
728 1753 877 1830 pudorem,
891 1772 945 1813 nec
966 1756 1077 1812 recdset

134 1848 320 1909 conditiones.
365 1846 513 1924 Oppidani
527 1845 667 1905 claudunt
678 1851 775 1922 portas
788 1850 818 1905 et
830 1846 977 1921 fenestrae,
989 1846 1077 1909 disce·

134 1946 277 2020 dunt-que
290 1962 306 2001 e
320 1941 400 2002 vicis.
443 1939 518 1999 Turn
533 1941 648 2000 Godiva
662 1940 788 2000 detrahit
800 1945 929 2016 vestem3
948 1941 1077 2003 ascendit

134 2036 261 2114 dquum3
288 2033 367 2093 nuda
394 2031 506 2109 ‹iquitat
529 2051 581 2110 per
601 2033 681 2092 vicos
687 2054 698 2109 3
726 2033 882 2110 habet-que
908 2036 1074 2111 praemium.

136 2128 220 2189 Grati
232 2127 310 2187 cives
322 2125 410 2186 hodie
423 2130 539 2185 servant
551 2126 719 2185 memoriam
733 2125 862 2186 Godivm
875 2136 980 2204 magna
992 2139 1066 2189 cura.

441 2313 487 2378 16.
505 2310 664 2395 Faithful
678 2303 779 2379 caleb.

178 2438 282 2498 Timon
302 2434 348 2494 vir
375 2437 435 2494 erat
457 2431 611 2510 ginirosue
632 2433 684 2492 sed
707 2435 820 2509 egenus.
863 2433 1023 2496 Habitebat
1046 2437 1078 2495 in

138 2531 257 2592 aedibus
274 2527 386 2604 magnis
406 2526 457 2586 sed
476 2524 623 2600 obsoletis,
638 2529 668 2584 et
687 2544 771 2603 saepe
789 2526 931 2586 tolbrabat
949 2528 1079 2606 inopiam

137 2629 203 2688 cibi.
268 2624 400 2699 Calebus,
436 2641 535 2682 servus
577 2621 760 2697 domesticus,
793 2624 920 2683 multum
965 2625 1079 2686 amabat

138 2722 296 2793 Timbnem,
331 2722 361 2777 et
394 2716 505 2776 celabat
539 2715 693 2792 diligenter
725 2722 924 2794 paupertatem
957 2719 1076 2780 domini.

138 2812 305 2892 Aliquando
323 2811 411 2871 multi
432 2811 555 2869 viatores
575 2809 713 2886 petebant
733 2809 893 2888 hospitium
913 2831 930 2872 a
949 2812 1076 2875 Timone

137 2909 194 2970 Vir
216 2906 359 2983 benignus
382 2903 507 2963 libenter
530 2902 622 2980 aperit
645 2906 742 2994 pprtas
761 2904 885 2966 aedium.
928 2905 991 2966 Ubi
1010 2907 1080 2967 hora

138 3019 242 3064 coense
252 2999 341 3073 adest,
353 2996 432 3074 quod
441 2994 567 3054 habebat
576 2993 693 3054 nullum
706 2995 813 3071 cibum,
825 2996 950 3058 Calebue
960 2999 1080 3076 paulum

138 3096 241 3154 haeret
285 3092 409 3151 Vicinus
422 3087 497 3147 forte
517 3086 681 3148 celebrabat
700 3086 800 3167 tpdlae
808 3110 818 3165 ;
837 3090 934 3151 subito
955 3091 1080 3153 Galebns

138 3189 227 3249 currit
239 3187 277 3246 ad
290 3185 387 3245 locum
400 3187 430 3243 et
442 3190 548 3259 magna
559 3199 638 3256 voce,
653 3184 672 3215 “
679 3181 776 3242 Aedes
789 3183 918 3258 ardent,”
928 3185 1077 3248 exclamat

138 3282 287 3345 Convivae
307 3280 461 3353 erumpunt
485 3275 543 3334 huc
567 3273 647 3333 illuc.
688 3273 731 3334 At
758 3276 883 3338 Oslebus
910 3277 973 3337 sine
1001 3280 1082 3340 mitra

137 3376 278 3438 abstrahit
292 3394 309 3433 a
322 3379 422 3431 mensa
431 3369 558 3430 nitidum
569 3367 708 3444 ansbrem,
719 3371 907 3448 apponit-que
920 3372 1080 3436 viatoribus

137 3470 236 3546 epulas
250 3463 423 3543 magnificas
