2375 3875
152 228 204 289 ot
499 225 771 295 Translationa.

154 427 216 507 ¹eat.
258 422 333 484 Turn
347 424 432 500 oivee,
447 421 526 501 quod
539 423 613 484 duri
631 422 785 500 legeriroa
798 441 858 483 una
877 440 945 483 oum
962 421 1108 482 uxoribus

162 514 283 594 sepelire
316 516 419 593 solent,
455 516 595 577 Sinonem
628 515 731 576 vivum
764 534 831 575 oum
864 533 956 575 uxore
991 517 1109 574 mortua

162 608 282 669 funibus
306 607 465 668 demittunt
487 608 520 666 in
541 613 662 685 puteum
684 607 871 684 profundum,
890 626 951 685 quo
973 608 1110 686 aepuloro

162 720 242 779 reges
262 701 342 762 illiue
362 706 452 761 terrae
472 700 636 761 utebantur.
679 700 760 761 Huio
780 705 877 761 tamen
896 700 935 760 ab
953 701 1034 761 omni
1053 720 1108 780 epe

163 794 266 855 salatia
279 793 434 855 intercluso
444 792 561 854 fortuna
574 792 710 871 patefeoit
722 794 786 854 iter.
828 792 922 853 Sinon
932 794 1019 870 enim,
1029 794 1111 855 farne

163 887 279 964 sitique
298 886 363 964 ,iam
381 885 546 958 moriturus,
567 885 688 963 vulpem
710 885 796 960 vidit,
817 905 891 964 qnae
918 886 1111 949 cadaveribus

162 980 338 1041 veeoebatnr.
382 979 475 1055 Quam
488 978 616 1056 perviae
629 978 756 1039 ooeultae
775 979 828 1039 diu
847 984 972 1054 aeonius,
986 1000 1111 1058 parram

162 1075 275 1147 rimam,
302 1077 361 1151 qui
386 1072 449 1151 ipsi
481 1078 603 1149 puteum
635 1072 801 1148 intraverat,
828 1074 948 1134 tandem
981 1075 1107 1136 invenit

163 1165 238 1226 Inde
253 1165 354 1242 Sinon,
369 1170 522 1243 postquam
534 1168 640 1243 magni.
659 1166 691 1225 vi
709 1166 791 1225 niaue
810 1164 938 1244 lapidem
957 1167 1110 1245 ingentem

162 1264 364 1335 summoverat,
375 1278 405 1319 ee
415 1257 561 1333 liberavit,
573 1262 661 1335 atque
673 1257 712 1318 ad
725 1277 803 1318 oram
816 1259 992 1320 maritimam
1004 1261 1106 1323 avaait
1175 1249 1176 1262 ¹

364 1483 431 1551 125.
461 1469 491 1532 T
487 1468 527 1533 lte
542 1468 611 1535 Old
620 1468 708 1534 Man
722 1468 825 1551 ostltc
839 1470 911 1536 Sea.

204 1606 297 1668 Sinon
310 1624 362 1684 per
373 1604 458 1664 littus
471 1603 708 1682 quinquemillia
720 1623 857 1683 passuum
867 1610 998 1683 vagatae,
1010 1626 1113 1669 renem

164 1697 562 1780 quendaminripifluminia
570 1696 720 1758 sedentem
730 1698 852 1759 invenit
894 1699 955 1759 Hie
967 1699 1112 1763 Sinonem

163 1813 194 1854 se
221 1798 302 1852 trans
334 1790 444 1850 flumen
476 1789 606 1849 bumaria
631 1794 825 1866 transportare
848 1791 946 1869 jussit.
1003 1793 1112 1873 Itaque

164 1886 265 1959 Sinon,
280 1902 367 1962 quem
380 1883 458 1943 eonio
470 1882 579 1942 infirmi
599 1882 738 1960 mieernit,
754 1902 821 1944 eum
840 1882 873 1946 in
892 1884 1030 1948 humeroa
1044 1889 1113 1950 aab

163 1979 282 2054 levavit,
296 1977 336 2052 id,
351 1976 430 2055 quod
449 1976 623 2054 imperatum
636 1981 689 2052 eet,
703 1976 840 2037 iacturae.
884 1977 981 2039 Senex
1001 1986 1111 2058 autem,

164 2071 252 2132 eimul
275 2071 308 2130 in
328 2070 392 2129 looo
415 2069 536 2128 firmiter
558 2068 643 2142 aedit,
664 2069 795 2129 eruribus
817 2070 926 2130 collum
947 2073 1111 2151 amplexae,

165 2165 305 2227 Sinonem
331 2180 405 2222 onus
431 2161 574 2239 deponere
600 2161 759 2239 prohibuit.
801 2163 878 2224 Turn
905 2163 1009 2241 Sinon,
1032 2168 1113 2246 qnod

164 2256 269 2318 luetati
300 2273 362 2316 non
395 2253 527 2327 audebat,
556 2273 645 2313 eenex
678 2255 757 2314 enim
783 2255 847 2316 diro
874 2259 1014 2335 amplexu
1043 2280 1113 2321 eum

165 2348 331 2422 suffocabat,
355 2347 507 2408 dominum
528 2346 587 2406 hue
611 2346 683 2406 illue
709 2366 761 2426 per
786 2353 883 2408 totum
904 2350 983 2411 diern
1006 2353 1114 2414 vobere

166 2448 282 2504 coaetus
308 2445 359 2500 eat
402 2439 465 2500 Neo
488 2457 548 2499 nox
574 2438 682 2499 laboris
704 2439 793 2500 finem
813 2441 892 2518 feeit,
915 2461 1006 2506 renex
1033 2448 1114 2506 enirn

167 2536 256 2598 etiam
269 2532 414 2594 dormiana
434 2531 583 2609 captivum
603 2531 695 2592 artius
714 2533 950 2610 ampleotebatur.
991 2537 1114 2599 Postero

167 2636 266 2691 tamen
278 2627 335 2701 die,
349 2626 421 2685 dum
429 2625 515 2701 jueeu
528 2623 640 2683 domini
660 2644 711 2702 per
723 2625 829 2686 eilvam
847 2626 904 2687 iter
923 2628 1005 2704 faoit,
1019 2629 1114 2691 Sinon

166 2725 285 2800 repente
298 2722 386 2797 eaput
398 2717 476 2778 rania
489 2717 601 2777 arboria
613 2737 700 2792 ramo,
711 2718 765 2796 qni
775 2719 974 2797 impendebat,
985 2725 1114 2784 maximi

167 2819 201 2877 vi
217 2813 354 2890 admovit
399 2810 464 2887 Quo
487 2810 548 2871 iotu
572 2810 751 2888 stupefactae
773 2831 864 2872 eenex
885 2832 968 2874 oraro
991 2814 1111 2886 laxavit,

167 2915 255 2989 atque
268 2907 305 2968 ad
318 2910 423 2967 ternam
437 2903 629 2964 moribundus
642 2903 753 2964 cecidit

394 3093 462 3159 126.
484 3092 574 3156 How
589 3101 620 3157 to
625 3089 704 3175 pick
721 3091 902 3161 Cocoanuts.

207 3234 271 3295 'Pali
284 3230 411 3312 periculo
424 3230 466 3290 ito
478 3227 619 3289 liberatus
631 3227 727 3289 Sinon
740 3228 812 3288 dum
824 3249 876 3306 per
889 3232 996 3294 silvam
1010 3236 1109 3313 pedem

167 3327 263 3400 refert,
283 3322 491 3384 mercatoribus
514 3322 639 3380 ooourrit
665 3321 863 3399 compluribus
887 3327 940 3400 qui
962 3328 1002 3388 ad
1023 3347 1111 3390 aneae

167 3417 323 3497 carpendae
334 3413 425 3474 ibant.
469 3411 545 3474 Cum
557 3411 606 3472 hia
618 3430 649 3472 ae
665 3414 788 3490 jungere
801 3416 961 3478 constituit
1005 3421 1109 3496 Nuoee,
