2375 3875
478 271 750 344 Tuamlnttone.

468 555 519 639 67.
546 554 615 621 The
636 555 766 622 Wolucs.

186 687 325 752 Omnium
339 690 516 764 animalium,
532 710 607 768 quae
621 689 773 768 Scythium
792 688 934 766 inctlunt,
950 688 1091 750 teterrimi

145 788 214 843 sunt
227 783 308 861 lupi;
329 784 361 843 hi
382 783 461 843 enim
480 803 565 861 caepe
587 783 624 843 eb
639 782 719 842 omni
732 788 814 862 perte
828 783 1014 858 conveniunt,
1029 802 1093 860 per·

145 898 202 957 que
224 878 312 938 silves
335 896 439 957 megno
464 878 578 955 agmine
600 876 737 956 praedem
762 878 926 956 exquirunt
969 876 1092 937 Femina

144 972 284 1050 quaedem
319 991 385 1031 cum
413 971 507 1031 tribue
533 970 634 1031 liberie
660 990 711 1049 per
737 970 791 1030 hee
823 972 913 1030 silvae
946 970 977 1030 in
1004 989 1090 1030 curru

146 1064 309 1125 vehebatur.
354 1064 459 1125 Subito
488 1063 624 1143 luporum
650 1064 782 1124 ululatur
808 1064 934 1138 cuditur,
964 1069 994 1123 et
1020 1082 1090 1122 mox

145 1159 240 1218 dirum
264 1176 365 1236 agmen
389 1162 514 1235 apparet
558 1160 678 1218 Frustra
703 1158 756 1217 illu
778 1156 907 1217 habenae
930 1158 982 1216 dat
1005 1176 1087 1235 equo,

144 1271 233 1331 equos
256 1252 333 1311 enim
357 1251 442 1311 facile
466 1270 550 1311 cursu
574 1248 690 1310 emiduo
714 1255 890 1328 exsuperent
913 1249 983 1328 lupi
1027 1249 1090 1310 Vix

144 1347 230 1406 breve
254 1345 380 1422 spatium
403 1345 617 1422 inter-ponitur,
642 1343 812 1421 misere-que
839 1344 948 1404 lemine
974 1343 1089 1421 linguae

144 1439 322 1517 sanguineae,
343 1439 440 1498 lauces
460 1439 564 1515 nigrae,
587 1439 689 1497 denter
713 1438 844 1497 crudeles
866 1438 976 1515 cepicit
1019 1437 1088 1497 Jum

143 1533 289 1593 fervidum
303 1532 438 1609 spiritum
451 1549 601 1591 suevorum
615 1531 785 1590 unimulium
798 1531 858 1591 fere
872 1531 969 1591 sentit.
1012 1530 1087 1590 Tum

143 1631 223 1686 metu
243 1643 349 1687 vesano
373 1630 464 1684 muter
487 1644 525 1683 ex
549 1641 634 1682 curru
658 1623 812 1683 minimum
836 1628 908 1683 natu
929 1623 1086 1683 liberorum

143 1719 251 1796 dejicit,
281 1723 311 1779 et
338 1718 414 1779 dono
442 1713 575 1777 horribili
603 1716 743 1795 impetum
772 1717 906 1795 luporum
933 1736 1088 1796 parumper

142 1812 265 1872 cohibet.

354 2012 404 2076 68.
434 2009 499 2074 Tea
518 1999 648 2075 ¹Welvcs
664 2007 865 2093 (continued).

180 2163 279 2226 Primo
299 2167 382 2224 utnon
403 2163 556 2223 eonsilium
576 2162 722 2236 eucceeeit,
737 2161 802 2238 lupi
814 2161 902 2237 enim,
916 2159 987 2221 dum
999 2178 1085 2223 eeevo

140 2261 263 2321 clamore
282 2257 417 2336 praedem
430 2256 556 2333 rapiunt,
571 2273 675 2332 agmen
688 2254 816 2329 eistunt3
835 2271 907 2314 mcx
919 2258 1019 2315 umen
1030 2256 1084 2317 ubi

140 2373 253 2415 curnem
267 2371 305 2411 ex
319 2349 431 2410 oeeibue
444 2348 542 2408 miseri
552 2346 674 2408 intentis
685 2346 897 2407 dilaniaverunt
908 2346 973 2426 (nec
982 2348 1086 2426 longus

139 2439 826 2523 illesnitlabor)iterumfugientibneinstubent
857 2439 969 2500 Iterum
977 2440 1085 2503 femine

139 2540 245 2602 infelix
264 2537 342 2598 idem
362 2536 441 2610 fecit,
463 2535 654 2610 alterumque
675 2532 818 2592 infantem
842 2533 920 2611 lupie
943 2535 1081 2596 concedit

139 2635 264 2710 Jamque
285 2648 335 2708 per
354 2629 477 2704 arbitres,
492 2626 689 2706 spectaculum
710 2626 913 2703 gratissimum,
931 2627 997 2688 visu
1015 2635 1085 2689 eunt

139 2732 215 2789 tecte
228 2725 343 2785 aedium
356 2723 387 2782 in
402 2722 510 2800 quibus
522 2719 610 2780 emici
622 2718 805 2794 habitabunt,
819 2719 980 2799 femusque
993 2742 1084 2800 eqnue

138 2819 298 2900 ingeminet
312 2835 433 2877 cursum.
477 2814 508 2874 N
509 2832 540 2874 ec
551 2818 649 2874 temen
659 2815 780 2875 domum
790 2814 918 2889 advenit,
930 2820 1081 2894 antequem

139 2918 230 2975 meter
242 2912 361 2972 tertium
374 2908 517 2970 infantem
531 2907 633 2968 eodem
645 2908 733 2968 modo
746 2908 833 2971 morti
847 2908 962 2986 objecit.

179 3008 253 3069 Inde
260 3005 314 3067 ubi
322 3004 528 3065 convocaverat
538 3002 716 3080 propinquos
724 3001 816 3063 fetum
828 3002 983 3062 liberorum
991 3021 1084 3064 enum·

139 3122 195 3180 que
214 3100 312 3178 fugem
331 3093 466 3157 uenerit.
520 3095 595 3154 Tum
619 3094 764 3155 meximue
788 3101 867 3167 netu,
895 3094 970 3154 dum
996 3097 1083 3157 ceteri

139 3197 253 3276 herrore
280 3188 473 3269 obstupefccti
500 3194 588 3264 euut3
617 3188 689 3248 “Tu
717 3189 777 3249 tuis
801 3187 992 3265 insentibus?
1013 3209 1083 3250 voce

138 3290 235 3369 inquit
244 3285 375 3358 terribili,
390 3287 475 3344 “non
487 3283 642 3361 purcebee3
660 3299 715 3342 uec
725 3301 778 3360 ege
788 3281 845 3343 tibi
854 3299 933 3342 nnnc
943 3285 1083 3360 purcem'’

139 3385 218 3446 Heec
232 3382 284 3443 ubi
293 3379 414 3454 dixerut,
428 3379 628 3457 meutiquam
641 3393 732 3437 manu
741 3373 869 3452 unebet,
880 3380 969 3454 ceput
977 3376 1083 3455 impiae

140 3477 238 3537 matris
251 3473 400 3551 percurrit.
