2375 3875
381 664 527 727 PIECES
548 664 630 725 FOR
649 664 951 728 TRANSLATION.

413 848 482 897 121.
509 830 575 896 The
598 830 792 913 Wondersul
801 832 925 897 island

236 983 380 1043 Mercator
392 980 520 1058 quidam,
535 979 655 1042 nomine
667 980 770 1057 Sinon,
785 983 865 1059 quod
879 1001 946 1042 eum
964 981 1098 1043 ceaeaudi
1108 984 1134 1037 et

195 1081 274 1142 nihil
300 1080 406 1157 agendi
437 1079 543 1156 piguit,
571 1078 700 1155 pericula
726 1079 814 1137 maria
840 1084 952 1138 tentare
978 1077 1131 1138 constituit

196 1173 276 1234 Navi
296 1172 398 1249 igitur
423 1171 462 1230 ad
495 1170 587 1232 Indos
613 1176 724 1245 vectus,
753 1172 855 1249 primo,
883 1171 965 1249 quod
997 1171 1134 1249 procellae

196 1267 301 1326 fluctus
313 1265 471 1343 agitabant,
484 1265 567 1341 gravi
580 1269 688 1324 nausea
700 1283 862 1341 oppressus,
876 1270 999 1324 mortem
1017 1265 1131 1341 optavit

197 1360 270 1418 Mox
296 1362 402 1433 autem,
429 1357 483 1417 ubi
516 1358 563 1417 vie
592 1359 774 1435 tempestatis
798 1358 978 1432 mitescebat,
1006 1359 1133 1417 morbum

196 1453 318 1530 depulit
360 1451 465 1511 Paucis
484 1455 553 1528 poet
572 1451 684 1526 diebus,
699 1452 771 1511 dum
790 1457 890 1529 aperto
909 1453 984 1511 mari
1002 1452 1103 1530 procul
1118 1470 1133 1508 a

197 1554 282 1627 portu
294 1549 456 1625 navigetur,
471 1567 591 1626 parvam
604 1549 740 1622 insulam,
755 1550 838 1627 nigro
851 1549 952 1624 colore,
967 1550 1049 1609 haud
1068 1549 1133 1609 mul·

197 1650 262 1704 tum
272 1661 359 1719 euper
371 1660 476 1719 aquam
488 1641 673 1714 eminentem,
686 1646 791 1701 nautae
800 1642 911 1702 vident
952 1642 1030 1701 Tum
1043 1661 1133 1701 ornnee

197 1755 310 1797 enare
333 1733 446 1811 egreeei,
467 1733 525 1792 huc
552 1732 624 1793 illue
647 1753 700 1811 per
719 1738 812 1794 totam
834 1734 961 1793 insulam
980 1742 1134 1812 vagantum

197 1829 314 1889 tandem
334 1828 432 1905 ignem
452 1826 606 1886 accendere
619 1827 772 1903 incipiunt
816 1826 921 1887 Subito
942 1828 998 1888 cub
1017 1830 1134 1907 pedibue

197 1923 260 1982 diro
279 1921 378 1981 eonitu
398 1919 495 1980 incula
514 1920 635 1981 evanuit
654 1920 689 1980 in
707 1920 810 1996 undae,
832 1941 999 1998 omnesque
1026 1922 1060 1981 in
1078 1941 1134 1998 gur·

197 2017 286 2093 gitem
317 2013 417 2073 hausti
443 2017 520 2074 aunt
577 2013 745 2073 Monstrum
772 2015 853 2074 enim
884 2016 1040 2089 marinum,
1067 2033 1134 2092 quac

198 2109 294 2168 nautia
316 2106 413 2166 incula
436 2107 474 2165 ob
497 2106 732 2183 magnitudinem
755 2107 818 2167 risa
841 2111 927 2182 aete
949 2127 1051 2168 eomnc
1075 2109 1134 2186 igue

197 2202 365 2275 excitatum,
378 2201 411 2258 in
430 2218 508 2258 mare
532 2219 563 2259 ee
583 2201 690 2262 mereit
734 2199 800 2276 Quo
822 2220 892 2260 caan
914 2219 1015 2262 omnee
1037 2207 1134 2262 nautae

197 2295 363 2373 perierunt3
389 2291 483 2353 Sinon
504 2296 611 2367 autem,
637 2297 743 2370 magni
767 2297 917 2354 auctentue
941 2294 1032 2369 trabe,
1055 2314 1134 2372 quan

197 2389 272 2447 forte
292 2385 331 2446 cd
349 2386 448 2463 ignem
468 2384 587 2460 ferebat,
601 2387 729 2446 natando
749 2387 788 2446 ad
807 2391 913 2446 terram
932 2386 1064 2463 ignotam
1083 2407 1135 2464 per·

198 2481 288 2542 venit.

429 2741 497 2791 122,
526 2725 558 2790 T
554 2725 593 2789 lu
607 2727 780 2791 Diamcnd
798 2727 916 2810 Valley.

240 2896 334 2956 Sinon
354 2892 482 2970 quidem,
497 2895 591 2949 totum
611 2891 690 2949 diem
713 2911 766 2967 par
791 2892 855 2950 loca
878 2891 991 2953 decerta
1010 2900 1135 2972 vagatur,

199 2988 280 3051 omni
292 3006 343 3065 ape
356 2986 466 3046 reditfie
479 2985 611 3060 dejectus
624 2989 675 3043 eet
717 2982 761 3042 At
779 2989 877 3060 noctu,
891 2985 963 3044 dum
976 2986 1091 3061 dormit,
1104 2987 1135 3045 ad

200 3083 305 3143 vallem
319 3078 468 3139 altissimis
481 3077 632 3136 montibus
644 3076 831 3135 interclusam
843 3078 957 3155 ingenti
969 3099 1024 3140 ave
1045 3086 1134 3158 raptui

200 3181 250 3236 eet
292 3174 358 3233 'lali
378 3170 518 3231 miraculo
541 3170 684 3229 attonitus
705 3175 820 3246 postero
847 3170 896 3229 die
917 3171 1031 3248 aliquid
1058 3174 1134 3233 etiam

199 3266 362 3328 mirabilius
388 3263 482 3336 vidit;
510 3266 572 3320 tota
599 3262 677 3321 anim
703 3262 791 3321 vallia
817 3263 938 3340 gemmis
965 3269 1066 3325 ornata
1090 3269 1132 3323 eat

200 3360 317 3422 Incolae
330 3359 419 3433 hujus
434 3361 524 3414 terrac
542 3356 622 3432 quod
635 3357 668 3414 in
681 3355 786 3415 vallem
801 3356 938 3416 descendi
959 3376 1021 3416 non
1040 3364 1133 3435 potest,

202 3469 328 3532 gemmae
339 3451 382 3509 ita
396 3448 527 3525 colligere
541 3446 642 3508 solent
687 3446 815 3509 Summis
824 3449 861 3508 de
872 3449 1022 3509 montibus
1032 3470 1135 3511 carnem
