2375 3875
426 274 698 343 Translations.

407 614 457 697 69.
481 613 511 678 Α
534 612 621 680 Cat’s
634 613 727 677 Paw.

132 780 237 858 Apicio
249 783 406 857 mercatori,
420 784 471 860 qui
482 782 599 861 Capuae
610 784 736 856 vivebat,
748 802 785 840 ex
796 779 929 858 Aegypto
943 778 1037 851 felem,

91 876 206 935 simiam
235 895 271 935 ex
298 877 393 954 Libya
428 897 495 936 auae
528 898 618 938 naves
652 881 924 954 transportaverunt.
974 874 1039 932 Has

93 969 213 1047 quidem
250 970 359 1029 bestiae
399 971 454 1030 snb
494 976 571 1030 teoto
612 972 778 1031 mereatoris
818 968 1039 1029 concordissima

92 1063 243 1138 vivebant,
271 1064 357 1140 longe
384 1069 482 1123 tamen
509 1064 591 1124 aliud
613 1066 671 1123 fuit
694 1065 857 1140 utriusque
878 1061 1035 1139 ingenium.

92 1156 158 1229 Illa,
187 1160 290 1215 natura
317 1158 433 1234 tardior,
464 1177 599 1235 magnam
626 1159 685 1218 diei
718 1166 829 1235 partem
861 1153 1022 1214 dormiebat
1029 1174 1039 1228 3

91 1247 171 1321 haee,
187 1249 314 1323 alacrior,
330 1250 464 1309 comitam
485 1249 622 1309 stolidam
642 1270 726 1328 saepe
746 1270 798 1327 par
814 1250 881 1326 joaa
900 1247 1035 1308 vexabat.

91 1342 116 1401 F
118 1347 181 1401 orte
190 1342 313 1420 Apicius
324 1349 471 1403 castaneas
484 1344 641 1420 aliquando
651 1344 718 1421 igne
731 1344 866 1403 torrebat.
910 1342 973 1401 Has
985 1340 1038 1399 ubi

93 1436 174 1495 videt
201 1436 293 1510 simia,
315 1436 353 1497 ad
380 1438 477 1513 ignem
505 1438 625 1512 aceedit,
647 1438 811 1515 avidisque
838 1436 929 1496 oculis
949 1454 1038 1494 nuces
1105 1504 1109 1509 ,

93 1530 235 1589 observat.
277 1529 340 1589 Diu
360 1528 459 1590 haeret
479 1531 606 1605 ineerta3
628 1530 727 1590 dulces
749 1549 922 1607 quamquam
941 1529 1038 1605 fruges

92 1622 224 1681 animum
245 1622 388 1696 alliciunt,
403 1623 533 1683 fervidus
546 1624 622 1701 ignis
636 1643 653 1682 a
665 1624 744 1683 furto
758 1624 890 1684 deterret.
932 1622 1037 1683 subito

92 1715 291 1789 manufalem,
307 1720 461 1792 quassate
481 1717 578 1793 ignem
599 1736 677 1776 more
696 1736 749 1775 suo
769 1716 936 1789 dormiebat,
950 1716 1035 1792 rapit,

93 1812 123 1867 et
149 1808 224 1885 pede
251 1810 315 1885 ejus
345 1814 493 1868 castaneas
525 1810 696 1887 singillatim
731 1829 768 1869 ex
801 1811 868 1887 igne
901 1810 1034 1870 detrahit.

94 1902 209 1963 Deinde
223 1902 294 1963 dnm
308 1902 360 1963 iile
372 1922 478 1984 magno
491 1904 602 1984 gemitu
617 1923 712 1966 oasam
724 1905 862 1984 deplorat,
873 1904 937 1984 ipsa
948 1922 1037 1963 nuees

93 2015 194 2058 secura
207 1998 333 2058 devorat

343 2287 391 2354 70.
420 2273 486 2336 Ta
500 2274 688 2356 afflctofa
702 2273 785 2338 aaa

135 2440 214 2517 Indi,
237 2441 290 2517 qui
317 2460 380 2500 oras
408 2443 494 2502 maris
518 2443 651 2502 australis
671 2442 845 2514 incolebant,
867 2442 923 2502 etsi
944 2443 1038 2502 multa

93 2540 177 2594 erant
201 2540 231 2592 et
253 2553 331 2593 nova
354 2535 491 2594 animalia
510 2536 543 2594 in
567 2537 628 2596 auis
648 2537 766 2610 finibus,
788 2554 927 2612 equorum
948 2555 1038 2614 genus

94 2625 228 2687 nondum
252 2633 457 2705 cognoverunt.
501 2627 544 2688 Hi
563 2629 653 2706 igitur
672 2649 763 2706 quum
783 2629 909 2707 primum
927 2630 1038 2689 bellum

93 2724 246 2798 gesserunt
259 2739 325 2779 cum
340 2720 489 2798 Hispanis,
505 2722 556 2800 qui
573 2742 610 2782 ex
630 2723 713 2799 aquis
738 2717 908 2799 pierumque
931 2743 1039 2801 pugna·

93 2815 177 2889 bant,
192 2832 269 2873 novo
283 2814 444 2890 spectaculo
458 2833 545 2891 quam
558 2816 685 2874 maxime
698 2815 791 2875 territi
804 2819 880 2877 aunt.
922 2817 1038 2894 Equum

94 2909 176 2969 enim
200 2927 266 2967 eum
290 2927 343 2968 suo
371 2909 468 2986 equite
495 2928 587 2968 unum
601 2910 723 2969 animai
749 2910 898 2988 putabant
941 2912 1039 2971 Primo

93 3004 209 3080 impetu
219 3002 295 3061 hana
309 3002 347 3061 ob
361 3021 476 3062 eausam
489 3002 526 3062 ab
540 3003 688 3080 equitibus
701 3003 862 3082 perturbati
871 3009 948 3077 sunt,
957 3005 1041 3064 brevi

95 3103 204 3170 tamen,
220 3095 298 3172 quod
312 3097 411 3173 copiae
424 3115 492 3156 suae
511 3097 606 3156 multo
626 3096 722 3174 plures
741 3101 832 3172 erant,
846 3097 987 3174 proelium
1000 3117 1042 3158 re·

95 3191 252 3250 navabant.
296 3190 431 3266 Denique
448 3190 567 3266 quidam
585 3209 625 3250 ax
646 3191 795 3269 Hispanis,
810 3192 893 3267 enjus
914 3210 1006 3268 equus
1025 3212 1042 3251 a

95 3285 245 3344 funditore
258 3284 428 3343 vulneratus
442 3289 493 3357 eat,
509 3303 595 3361 super
608 3288 696 3361 eaput
709 3285 841 3344 animalis
861 3285 968 3346 effusus
988 3291 1038 3346 est

95 3379 128 3436 Is
142 3377 231 3455 igitur
251 3377 338 3454 pedes
358 3376 515 3453 pugnabat.
557 3376 601 3436 At
621 3377 699 3450 Indi,
714 3378 766 3436 ubi
787 3397 823 3435 ex
844 3396 903 3437 uno
923 3378 1042 3438 animali

96 3469 171 3528 duos
185 3469 282 3528 hostes
296 3469 442 3541 viderunt,
456 3471 603 3547 perterriti
617 3475 696 3545 terga
710 3474 865 3529 verterunt
