2375 3875
415 332 687 402 translations.

305 672 356 741 73.
378 657 411 720 Α
427 626 553 722 Breach
566 658 611 739 os
617 656 801 739 Dzbcipline.

120 809 299 883 Frederious,
313 807 523 868 Germanorum
536 827 597 882 rex,
611 807 691 884 quod
710 808 748 867 ab
765 808 900 869 hostibus
918 826 1026 887 preme

78 903 175 977 batur,
189 902 357 963 saevissimi
369 900 525 978 disciplina
536 901 647 960 milites
659 899 821 960 cohibebat
864 904 930 962 Rex
942 921 1026 978 saepe

79 1001 170 1056 noctu
194 996 273 1056 solus
299 1015 351 1073 per
377 1000 469 1055 castra
495 993 673 1069 ambulabat,
698 999 728 1053 et
753 995 817 1072 ipse
838 995 972 1054 custodes
993 996 1027 1054 in

80 1089 257 1149 stationibus
270 1088 451 1166 disponebat
493 1087 672 1164 Aliquando,
687 1085 759 1147 dum
778 1106 857 1147 more
870 1108 922 1147 suo
936 1093 1027 1147 castra

80 1183 245 1261 perlustrat,
266 1181 349 1242 uidet
368 1182 525 1254 lucernam,
546 1200 621 1257 quae
643 1182 677 1239 iu
696 1182 882 1241 tabernaculo
901 1182 1027 1242 finltlmo

81 1277 208 1337 ardebat
258 1276 324 1335 Rex
343 1276 434 1353 igitur
456 1275 508 1353 qui
531 1275 660 1333 maximi
682 1274 726 1334 ira
749 1276 927 1351 movebatur,
948 1277 1028 1353 quod

81 1372 180 1446 ignem
219 1368 364 1427 militibus
404 1367 605 1439 interdixerat,
649 1366 768 1427 silenter
810 1367 1028 1428 tabsmaculum

81 1462 213 1521 intrauit.
267 1460 326 1520 ch
354 1454 445 1519 'miles
470 1459 623 1538 epistolam
656 1459 802 1519 scribebat
830 1460 867 1520 ad
897 1481 1023 1522 uxorem

81 1557 165 1615 Dum
189 1554 291 1614 multis
314 1555 410 1613 verbis
433 1555 506 1613 dura
532 1553 661 1631 pericula
683 1553 764 1627 belli,
789 1573 872 1612 suam
895 1555 1025 1629 salictam,

81 1667 277 1725 amorem-que
310 1651 490 1707 constantem
527 1650 633 1718 narrat,
661 1646 760 1705 subito
792 1664 889 1723 regem
921 1646 1027 1707 iratum

81 1743 194 1821 aspicit
237 1742 313 1800 Tum
325 1760 386 1813 rex,
402 1739 544 1798 “Iterum
557 1738 711 1817 epistolam
723 1743 830 1816 repete,
844 1737 915 1798 haec
929 1744 1027 1799 tamen

82 1837 175 1911 adde;
209 1834 275 1896 vale
295 1853 312 1892 ο
333 1832 486 1905 carissima,
508 1851 570 1891 cras
590 1831 670 1890 enim
690 1850 751 1912 ego,
773 1832 842 1908 quia
861 1832 1027 1910 imperatori

82 1930 158 1988 male
172 1928 263 2006 parui,
278 1926 383 2005 capitis
395 1924 580 1986 damnabor.'’

408 2157 457 2222 74
481 2141 511 2204 A
531 2139 711 2222 Bullssye.

125 2296 241 2369 Inxiss,
267 2297 346 2373 quod
365 2295 457 2355 vitam
479 2294 514 2354 in
537 2294 620 2354 siluis
643 2313 756 2373 semper
779 2296 908 2375 degebat,
930 2316 1030 2360 omnes

84 2392 159 2451 alios
191 2390 353 2465 sagittarios
386 2388 547 2465 superabat
610 2387 702 2466 Saepe
735 2389 820 2468 lupos
853 2391 1030 2469 aquilasque

85 2483 254 2547 volucribus
273 2481 387 2559 sagittis
406 2482 601 2558 tuunsfigebat,
614 2501 668 2542 uec
687 2501 818 2559 unquam
835 2485 943 2545 frustra
962 2506 981 2547 a
998 2507 1030 2546 se

85 2579 180 2640 telum
192 2576 313 2636 missum
326 2579 377 2634 est
420 2575 508 2634 Forte
520 2573 633 2634 incolae
652 2575 733 2634 urbis
752 2577 932 2654 propinquae
944 2579 1030 2641 ludos

85 2672 222 2732 solennes
231 2667 422 2729 celebrabant
465 2669 564 2728 Primo
575 2668 729 2745 quadrigas
738 2670 887 2746 agitabant
895 2673 1028 2750 juvenes,

86 2764 195 2826 deinde
208 2764 313 2841 pugnis
328 2762 484 2836 certabant,
499 2767 644 2839 postremo
657 2767 802 2822 certamen
818 2765 1030 2842 sagittariorum

86 2859 260 2918 institutum
279 2861 329 2918 est
380 2855 443 2914 Diu
466 2855 580 2929 loxias,
601 2855 654 2933 qui
677 2875 745 2915 cum
766 2859 869 2918 ceteris
888 2861 1030 2922 decertare

86 2951 194 3022 noluit,
215 2969 246 3009 se
265 2968 283 3008 a
302 2948 457 3009 certamine
477 2947 629 3022 abstinuit,
650 2967 704 3008 nec
723 2968 822 3009 arcum
844 2952 882 3010 ab
903 2952 1030 3014 humeris

87 3043 207 3106 amovit
249 3043 385 3118 Denique
397 3040 516 3116 quidam
530 3059 567 3098 cx
586 3041 673 3118 regiis
686 3043 849 3118 sagittariis,
864 3045 913 3104 cui
925 3065 1031 3108 nomen

88 3144 152 3202 erat
175 3137 333 3209 Hubertus,
359 3135 421 3194 sive
445 3153 521 3206 casu,
545 3153 598 3192 scu
620 3135 700 3212 quod
722 3141 830 3196 ventus
853 3138 882 3196 ei
903 3139 1029 3216 lavabat,

88 3228 216 3293 mediam
235 3234 341 3287 metam
365 3226 470 3302 sagitta
489 3226 642 3286 transfixit
693 3226 769 3288 Tum
788 3229 906 3288 domum
925 3231 1032 3294 Louias

31 3319 33 3392 s
89 3341 188 3384 arcum
202 3321 305 3396 tendit,
321 3325 350 3379 et
363 3338 416 3378 suo
429 3317 488 3377 telo
501 3318 637 3394 sagittam
651 3319 780 3380 Huberti
799 3322 832 3380 in
851 3322 925 3382 duas
937 3333 1032 3402 partes

32 3405 34 3471 i
89 3415 189 3480 findit,
246 3415 354 3491 Ingens
377 3410 415 3470 ad
441 3411 552 3470 eaelum
586 3410 701 3472 tollitur
727 3413 844 3491 clamor,
866 3433 1033 3498 omnesque

35 3547 37 3647 l

34 3503 36 3529 ¹
91 3507 207 3569 Luxiam
219 3503 359 3563 victorem
372 3497 505 3557 salutant
