2375 3875
409 273 680 342 irmslations.

344 621 412 687 130.
435 603 588 669 Mr'neral
601 603 749 688 Springs.

114 754 227 816 Moroio
246 755 400 816 Icenorum
419 755 481 834 regi
500 755 578 815 filius
591 759 652 816 erui
664 755 776 833 uniens,
792 755 919 834 ingenuo
934 757 1018 819 vultu

68 868 147 927 puer
165 849 361 927 moribusque
380 849 567 909 suavissimis
591 848 700 909 'Hune
720 854 819 909 temen
839 850 939 910 morbo
958 870 1017 928 gre

68 941 195 1002 vissimo
214 942 350 1002 effectum
369 947 451 1020 puter
471 941 525 1022 (sie
546 941 624 1002 onim
644 941 722 1020 leges
740 941 906 1022 jubebant),
929 962 947 1002 a
965 962 1018 1003 suo

68 1055 161 1113 regno
182 1036 216 1094 in
235 1036 370 1095 exsilium
389 1037 519 1113 ejecerei
562 1035 637 1095 Inde
654 1034 781 1113 juvenis,
803 1037 881 1113 quod
901 1041 1018 1115 eugenio

68 1131 198 1204 carebat,
219 1149 273 1189 neo
292 1130 354 1190 ullo
378 1131 465 1190 modo
484 1130 577 1190 vitum
601 1131 743 1190 sustinere
766 1135 887 1208 peieret,
907 1137 1018 1191 vestem

68 1224 202 1284 mutavit
228 1225 343 1301 regiam,
371 1243 539 1301 servusque
565 1223 669 1298 ineius,
697 1222 837 1302 egrioolee
867 1225 1019 1302 cujusdem

68 1337 141 1378 sues
154 1317 296 1396 pesoeboi.
738 1391 741 1398 ⁴

112 1409 158 1471 Ae
171 1430 236 1471 sues
250 1411 349 1488 paucis
362 1416 429 1489 posi
441 1411 545 1473 diebus
558 1411 660 1472 eodem
673 1411 773 1470 morbo
787 1411 882 1473 effoeti
896 1414 1013 1474 iubesne

68 1505 148 1565 bant
174 1505 239 1582 ipsi
294 1505 411 1565 Deinde
440 1525 520 1584 puer,
549 1504 629 1583 qnod
655 1523 717 1565 rem
744 1506 886 1566 oooulinre
913 1508 1017 1582 voluit,

69 1605 172 1659 totum
184 1618 299 1677 gregem
311 1599 345 1658 in
357 1599 463 1660 silvam
477 1599 639 1660 densiorem
652 1597 718 1676 egit„
762 1599 850 1658 Hune
859 1600 938 1674 olim,
948 1601 1019 1661 dum

69 1713 126 1770 per
145 1693 292 1770 regionem
310 1693 441 1770 ignotum
460 1699 543 1770 erret,
559 1692 698 1771 poludem
718 1692 840 1753 transire
860 1693 1016 1771 oportebat„

69 1788 235 1865 Quamubi
247 1789 386 1849 viderunt
405 1807 479 1864 sues,
495 1807 595 1849 omnes
614 1805 675 1848 uno
695 1787 808 1865 impetu
827 1787 861 1847 in
879 1807 969 1866 eques
988 1809 1019 1850 se

69 1882 226 1959 dejiciunt,
255 1882 362 1961 quibus
395 1882 478 1961 equis
511 1881 676 1944 salubribus
710 1879 894 1943 sonabantur.
945 1883 1020 1944 Puer

69 1977 167 2053 igitur
192 1994 257 2037 sues
274 1976 406 2036 imitatus
425 1995 581 2054 sonusque
600 1976 662 2054 ipse
688 1974 790 2051 foetus,
820 1975 960 2054 oppidum
986 1979 1019 2036 in

69 2090 106 2129 oo
121 2069 186 2129 loeo
200 2068 339 2144 condidit,
354 2088 428 2148 quse
441 2069 544 2149 Aquae
558 2068 635 2131 Solis
648 2072 856 2131 vomuerunt.
