2375 3875
413 270 685 348 Translations.
978 269 1020 344 ’37

70 484 162 543 quam
186 486 280 546 nuper
303 467 433 543 duxerat,
454 466 511 527 iter
533 466 666 527 faciebat
709 466 784 527 Mox
806 466 845 527 ad
867 468 946 546 ripas
968 466 1021 528 alti

72 561 238 639 rapidique
282 560 415 620 fluminis
453 560 578 621 viatores
621 560 804 638 perveniunt,
845 561 1020 639 firmus-que

72 654 184 715 vadum
224 659 337 732 petunt
395 653 500 713 Subito
538 654 662 714 occurrit
701 658 854 714 centaurus
891 655 1018 731 quidam,

72 746 193 806 nomine
223 746 341 805 Nessus
393 745 559 818 “Multae’'
586 746 692 824 iuquit,
719 749 832 806 “antea
858 751 939 808 trans
964 749 1020 809 hcc

72 838 184 899 fiumen
204 858 222 898 c
240 858 288 899 me
307 844 516 917 transportatus
536 845 613 900 sunt
656 839 697 898 Te
716 858 841 917 quoque,
856 859 873 900 c
889 839 1021 918 pulcher-

73 933 149 993 rima
189 932 337 1009 Deianira,
375 933 402 992 si
442 932 533 1010 cupis,
572 932 633 993 late
673 952 738 993 mec
778 938 858 1011 terge
896 934 1021 995 libenter

74 1027 276 1104 transportato
286 1028 315 1102 ;''
350 1026 439 1086 simul
467 1026 597 1104 puellam
623 1025 704 1086 haud
730 1027 855 1087 invitam
882 1029 1019 1105 suscipit;

73 1119 181 1181 deinde
193 1120 322 1199 perfidus
335 1139 439 1198 magna
452 1119 598 1179 celeritate
610 1119 643 1179 in
655 1125 770 1180 montes
782 1121 868 1196 fugit.

129 1355 177 1426 52.
201 1342 233 1407 Α
251 1342 339 1408 Rc'de
352 1362 392 1407 cn
408 1342 461 1408 the
478 1341 647 1409 Centauc's
659 1344 751 1409 Back
765 1342 969 1432 (continued).

115 1480 258 1541 Hercules
267 1486 374 1557 aretem,
386 1499 475 1557 quem
483 1480 563 1539 fmus
573 1481 705 1541 centauri
714 1500 775 1541 non
784 1481 912 1558 fallebat,
923 1502 1021 1545 arcum

74 1574 181 1651 rapuit,
196 1578 227 1633 et
246 1577 306 1633 nna
325 1593 363 1633 ex
382 1573 419 1633 iis
438 1573 561 1650 sagittis,
576 1592 648 1650 quas
667 1574 730 1652 ipse
749 1576 890 1652 sanguine
903 1576 1021 1654 Hydrae

73 1668 211 1743 tinxerat,
235 1666 394 1745 fugitivum
417 1666 590 1728 vulueravit
633 1665 677 1726 At
695 1667 889 1747 moribundus
907 1671 1021 1748 puellae

74 1761 230 1821 consilium
239 1760 295 1821 hoc
304 1760 522 1837 iniquissimum
532 1760 583 1820 dat
592 1759 723 1835 Nessns3
745 1761 1019 1840 “Accipe‚’'inquit‚

76 1857 95 1888 “
104 1854 182 1913 hanc
202 1854 340 1929 tunicam,
356 1872 445 1930 quam
464 1872 546 1912 meus
559 1854 676 1930 sanguis
693 1854 798 1928 tinxit3
818 1854 889 1914 haec
902 1855 958 1915 tibi
971 1857 1021 1917 ali-

74 1948 193 2026 quande
202 1966 327 2008 amorem
340 1947 472 2024 conjugis
485 1948 646 2008 restituet'’
690 1949 748 2008 His
759 1949 855 2010 verbis
867 1957 1020 2012 centaurus

74 2042 189 2102 occidit

115 2135 228 2194 Paucos
251 2140 317 2212 post
340 2151 433 2194 anuos
460 2133 610 2209 Hercules,
635 2134 790 2196 Oechnliae
813 2135 915 2212 victor,
937 2139 1021 2201 Iolen

74 2229 220 2306 captivam
246 2227 386 2287 Deianira
408 2226 604 2305 pulchriorem
630 2227 786 2288 ademerit
829 2229 909 2290 Haec
932 2231 1022 2309 igitur

74 2324 229 2383 verborum
252 2322 382 2382 centauri
407 2320 487 2380 heud
509 2321 670 2393 immemor,
690 2322 819 2382 tunicam
842 2323 960 2385 fatalem
983 2329 1021 2388 ed

74 2417 228 2494 conjugem
240 2415 328 2475 misit
373 2413 458 2473 Hauc
479 2414 621 2473 Hercules
640 2414 775 2482 incautus
794 2415 901 2491 induit,
916 2424 946 2478 et
958 2420 1021 2497 ipse

74 2515 194 2568 necatur
220 2508 284 2568 dira
309 2507 342 2569 vi
368 2507 449 2567 illius
476 2507 590 2583 veneni,
620 2526 677 2584 quc
711 2508 783 2568 clim
809 2527 875 2570 suas
901 2514 1021 2591 sagittas

74 2603 209 2662 tinxerat

313 2781 362 2851 53.
386 2767 419 2832 Α
447 2767 785 2852 WundersulDream,

113 2905 184 2966 Tres
204 2905 275 2966 clim
295 2904 420 2965 viatores
440 2924 458 2964 a
478 2904 574 2965 Gellia
593 2905 632 2965 ad
651 2905 770 2967 Italiam
789 2909 846 2969 iter
863 2910 1016 2975 iaciebant.

72 3003 207 3064 Vicerat
226 3004 256 3058 et
276 2998 363 3076 longa
382 3002 413 3057 ct
432 2997 613 3073 difficillima,
628 3000 707 3076 quod
720 3001 851 3079 undique
870 3007 1019 3068 montibus

72 3093 222 3156 altissimis
249 3091 459 3152 continebatur.
512 3091 604 3169 Saepe
636 3112 771 3171 maguam
797 3097 857 3157 cibi
889 3099 1019 3178 inopiam

72 3191 198 3250 viatores
211 3185 392 3260 tolerabant3
412 3184 531 3244 taudem
544 3185 622 3244 nihil
634 3185 695 3246 illis
705 3195 862 3266 super-erat
874 3193 933 3252 nisi
941 3214 1019 3256 uuus

70 3282 165 3361 panis,
181 3279 261 3340 hand
273 3280 316 3339 ita
329 3278 454 3356 grandis,
469 3297 556 3355 quem
577 3297 677 3339 ornnes
693 3281 913 3359 diligentissime
926 3306 1018 3350 serva-

69 3378 151 3436 bant
195 3374 284 3433 Hunc
297 3372 354 3431 sibi
368 3371 491 3448 quisque
504 3371 643 3433 vindicat
686 3372 822 3452 Denique
834 3379 903 3440 fessi
916 3400 1017 3444 somno

69 3489 101 3529 se
121 3467 202 3542 daut,
224 3484 396 3545 penem-que
416 3468 584 3541 proponunt
604 3467 711 3527 somnii
730 3468 920 3546 insignissimi
940 3495 1018 3551 prae„
