2375 3875
431 270 704 343 Translatiom.
996 276 1048 334 85.

93 489 170 547 quae
196 470 317 531 summis
343 470 430 532 modo
456 472 543 533 ramis
569 472 744 551 dependent,
767 477 935 533 mercatores
957 471 1036 533 haud

93 562 181 623 facile
204 568 335 641 carpunt,
360 565 439 643 quod
461 566 536 627 levis
553 566 668 626 arboris
694 572 814 627 truncus
838 565 955 627 ascendi
976 584 1036 626 non

92 660 199 734 potest.
241 658 331 719 Hunc
351 662 449 718 tamma
468 659 587 720 modum
606 660 789 723 invenerunt
831 658 945 734 Simiae,
964 677 1037 736 quae

92 749 237 827 plurimae
260 752 349 812 silvas
373 752 481 827 colunt,
502 753 581 812 saxis
601 756 728 813 vexant:
762 751 948 829 quamobrem
969 751 1037 811 illae

91 846 185 904 metae
197 864 287 905 nuces
299 845 337 905 ab
351 845 501 906 arboribus
514 846 643 924 direptas
656 846 689 905 iu
704 850 873 906 mercatores
886 845 1034 923 dejiciunt

93 934 188 997 Sinon
216 938 342 997 nucibus
368 938 470 999 multis
496 940 617 1017 potitus,
645 943 814 998 mercatores
847 938 1037 1017 simias'ipse

91 1036 209 1109 captare
228 1031 334 1093 docuit
378 1031 470 1092 Jussu
489 1032 553 1109 ejus
577 1050 647 1092 vasa
673 1032 814 1109 quaedam
835 1038 925 1109 aquae
951 1032 1037 1109 plena

91 1124 131 1185 ad
144 1124 218 1185 imas
231 1125 346 1185 arbores
359 1125 558 1199 admoverunt,
573 1125 681 1201 quibus
693 1125 725 1184 in
738 1124 816 1185 vasis
828 1129 932 1185 mamis
943 1126 1037 1185 multo

92 1217 436 1295 camlugorolavabant
478 1218 633 1278 Indevasa
642 1218 906 1295 eademnigrdpice
915 1218 1037 1295 comple

91 1316 208 1385 verunt,
229 1311 488 1388 dhaesseruntquo
507 1329 524 1370 o
545 1310 617 1371 loco.
661 1309 769 1370 Simiae
786 1315 885 1371 autem
904 1310 1037 1372 homines

91 1423 130 1463 ex
144 1404 354 1464 consuetudine
367 1403 505 1477 imitatae,
519 1404 573 1465 ubi
585 1422 691 1465 manus
702 1403 736 1464 in
749 1423 818 1465 vasa
830 1404 1032 1482 imposuerunt

90 1496 158 1575 pice
170 1502 299 1559 retentae
312 1497 397 1561 facile
410 1502 569 1575 captantur.

263 1803 331 1872 127.
359 1786 426 1853 Tea
438 1788 626 1873 Elephanls
639 1788 863 1873 Burial-plase.

133 1950 225 2010 Haud
243 1949 371 2012 multum
390 1949 428 2010 ab
447 1969 482 2011 eo
500 1950 565 2011 loco
584 1969 707 2028 magnus
725 1969 796 2028 grex
816 1949 1034 2028 elephantorum

92 2047 202 2108 teneris
218 2046 373 2108 frondibus
391 2045 568 2124 pascebatur.
610 2045 676 2122 Quo
695 2045 763 2107 visu
781 2045 934 2124 perterriti,
948 2047 1035 2106 ceteri

91 2143 126 2202 in
144 2141 245 2219 fugam
264 2159 296 2201 se
315 2140 467 2216 dederunt,
488 2139 582 2201 Sinon
602 2143 709 2214 tamen,
723 2157 791 2199 arcu
809 2143 944 2214 armatus,
958 2143 1035 2216 post·

91 2254 181 2313 quam
201 2235 234 2293 in
247 2233 378 2294 arborem
396 2233 570 2311 ascenderat,
584 2233 725 2294 celeribus
743 2231 857 2311 sagittis
875 2231 1035 2292 maximum

91 2347 131 2390 ex
143 2326 308 2405 elephantis
321 2326 475 2388 interiecit
515 2326 545 2388 A
563 2325 770 2386 mercatoribus
780 2324 878 2403 igitur,
892 2324 946 2402 qui
964 2324 1037 2386 ebur

91 2420 215 2484 maximi
233 2419 396 2496 aestimant,
417 2419 502 2481 donis
521 2424 656 2480 oneratus
674 2423 728 2497 est
768 2416 845 2478 Inde
864 2416 967 2491 Sinon,
987 2417 1048 2500 cui!

92 2515 217 2576 divitiae
236 2513 368 2574 animum
387 2513 572 2587 addiderunt,
592 2512 740 2590 quandam
758 2511 792 2570 in
810 2509 948 2585 arborem,
963 2528 1036 2587 quae

88 2609 181 2686 juxta
208 2625 330 2684 parvum
356 2605 453 2668 lacum
479 2605 632 2683 crescebat,
659 2605 826 2683 saepissime
854 2603 1035 2666 ascendebat

94 2704 160 2779 Quo
169 2700 290 2761 consilio
303 2700 464 2778 complures
476 2699 623 2761 interiecit
635 2698 815 2778 elephantos,
829 2716 902 2775 quos
914 2697 1037 2759 bibendi

93 2797 181 2858 cansa
200 2812 268 2867 eum
287 2793 385 2854 locum
404 2793 483 2853 adire
502 2791 662 2870 oportebat
702 2791 800 2850 Tertio
819 2795 918 2851 tamen
929 2809 1037 2866 meuse,

93 2887 254 2967 elephanti,
270 2887 377 2964 quihus
396 2905 501 2964 aquam
520 2886 584 2946 sino
603 2884 693 2944 noxiis
710 2883 790 2944 adire
802 2902 864 2944 non
874 2883 989 2956 licebat,
1005 2884 1039 2942 in

95 2982 236 3043 Sinonem
262 2981 392 3041 universi
419 2981 561 3058 impetum
580 2977 720 3050 fecerunt,
741 2975 914 3054 crebrisque
932 2975 1040 3037 ictibus

94 3078 189 3155 ipsam
198 3072 331 3134 arborem
339 3073 477 3134 radicitus
484 3070 654 3132 evellerunt
686 3068 1039 3146 Indovirumattonitum,

95 3173 276 3245 mortemque
288 3169 498 3244 expectantem,
513 3163 546 3223 in
558 3167 672 3240 tergum
687 3161 851 3224 sublevavit
864 3163 926 3222 dux
938 3163 1039 3240 gregis,

94 3262 249 3338 longeque
263 3279 315 3340 per
327 3257 417 3319 silvas
434 3258 473 3319 ad
493 3276 561 3318 eum
580 3255 677 3316 locum
690 3256 826 3333 portavit,
839 3274 898 3334 quo
911 3256 1041 3333 sepulcro

95 3353 249 3432 elephanti
272 3353 439 3414 utebantur.
482 3350 577 3412 Sinon
600 3349 702 3428 igitur,
714 3349 767 3426 qui
789 3367 828 3408 cx
846 3349 970 3410 mortuis
988 3348 1040 3409 ele·

95 3445 220 3526 phontis
233 3445 303 3507 satis
318 3445 412 3506 eboris
425 3444 538 3523 potitus
550 3448 604 3517 eat,
619 3441 696 3503 vivis
708 3441 828 3519 posthac
840 3441 981 3521 parcebat
