2375 3875
444 290 716 357 Translatione.

359 584 404 633 12ν
432 566 463 629 Τ
459 565 499 629 lte
513 566 668 649 Sporting
685 566 810 632 Ductor.

149 701 256 761 Timon
268 702 408 775 medicus,
422 702 468 761 vir
480 701 632 779 benignus,
648 702 700 760 sed
719 711 837 762 omnino
857 703 974 781 ignarus
986 725 1054 766 sune

108 794 186 868 artie,
216 794 397 871 intelligebat
428 814 481 853 neo
512 812 611 853 causas
637 813 690 853 neo
720 795 846 854 remedia
879 798 1050 859 morborum.

109 887 213 963 Itaque
241 887 360 946 clientes
381 878 557 964 'plerumque
581 887 768 981 disoeglebant
789 909 805 947 e
828 890 896 950 viru
927 901 930 909 “
949 891 1054 951 Timon

109 984 170 1038 erat
192 984 320 1054 venator,
346 980 464 1039 sedilus
491 981 609 1058 quidem
633 981 685 1040 sed
707 982 866 1059 meritus.
918 984 1053 1045 Habebat

108 1072 217 1132 multoe
228 1092 312 1132 canes
322 1078 352 1133 et
362 1092 459 1151 equqs,
474 1074 525 1133 sed
532 1074 685 1151 praecipue
694 1076 809 1134 amabat
817 1076 915 1151 jacula
925 1079 1053 1153 sagittas·

109 1184 173 1241 que.
227 1166 388 1241 Quondam,
413 1167 485 1226 dum
508 1171 590 1244 parat
617 1166 675 1227 tela
701 1173 905 1244 antepartum
928 1171 1050 1245 aedium,

108 1260 232 1343 occurrit
258 1260 374 1318 amicus.
431 1259 485 1323 “O
512 1260 649 1333 medioe‚''
676 1260 782 1337 inquit,
813 1260 927 1321 “hodie
950 1263 1053 1322 saltem

108 1350 220 1411 occides
233 1344 334 1411 nihiL''

393 1604 439 1669 13.
465 1586 772 1673 Orcltard-robb'ing

119 1714 122 1723 ¹
149 1722 188 1781 In
202 1722 345 1801 Hispania
358 1723 429 1783 olim
442 1723 562 1783 vivebat
575 1723 665 1799 Nero,
680 1744 753 1801 puer
765 1724 922 1804 impribus.
966 1728 1052 1789 Forte

108 1820 170 1875 erat
188 1817 286 1877 vicino
306 1817 338 1876 in
358 1816 442 1877 horto
463 1836 566 1893 magna
580 1817 672 1889 arbor,
687 1819 808 1878 maturis
828 1823 923 1898 pomis
939 1827 1048 1885 onusta

109 1910 173 1971 Ubi
191 1929 266 1988 puer
285 1910 366 1971 videt
387 1909 524 1986 arbbrem,
546 1930 651 1988 magns
669 1912 774 1988 cupido
796 1915 918 1990 praedae
932 1914 1053 1994 oooripat

108 2004 245 2065 animum.
304 2005 412 2064 “Num
433 2005 568 2064 dominus
588 2024 636 2063 me
656 2005 811 2065 videbiti”
832 2008 929 2084 inquit
948 2010 1051 2071 avidus

108 2117 187 2176 puer.
232 2096 321 2158 “Cur
335 2117 395 2158 non
408 2099 508 2158 stetim
521 2098 646 2157 ascendo
660 2097 833 2161 arbtremr’'
873 2101 977 2178 Itaque
989 2105 1052 2164 sine

107 2201 189 2251 mort
209 2190 363 2268 prehendit
386 2210 506 2265 ramum,
528 2197 558 2250 et
579 2191 670 2251 trahit
692 2212 722 2251 ee
744 2183 936 2254 inarborem.
982 2196 1050 2256 Jam

108 2284 191 2344 sidet
213 2285 290 2343 inter
311 2303 413 2360 poma3
433 2285 496 2360 jam
520 2284 624 2343 dextris
647 2289 728 2344 tenet
750 2291 844 2362 gratas
864 2288 967 2364 fruges.
1009 2290 1052 2349 At

108 2378 206 2438 subito
225 2377 310 2436 audit
331 2396 450 2436 rauoum
473 2377 634 2438 clamorem.
677 2379 752 2438 ane
775 2380 864 2450 videt,
877 2371 932 2440 sub
953 2384 1051 2443 arbore

107 2491 246 2548 magnum
265 2490 440 2548 saevumque
460 2490 568 2531 canem.
612 2471 692 2530 Nero
709 2473 815 2532 frustra
834 2492 866 2532 se
886 2475 967 2550 celat,
983 2497 1051 2537 nam

109 2565 190 2624 oanis
222 2565 312 2624 sentit
346 2565 447 2638 furem,
476 2565 646 2641 impletque
683 2583 765 2641 agros
798 2585 883 2625 rauao
918 2567 1046 2630 elamore

108 2657 244 2737 Denique
254 2656 332 2736 jaret
344 2658 400 2718 sub
413 2658 514 2719 arbore
527 2662 742 2735 exspectatque
755 2677 883 2735 puerum.
941 2730 945 2743 ⁵

292 2894 338 2958 14.
364 2875 877 2965 Orchard-robbing(continuem.

148 3014 211 3074 Diu
223 3032 295 3092 puer
308 3018 405 3074 manet
418 3012 451 3071 in
464 3012 524 3072 altat
536 3013 611 3073 sede.
654 3012 770 3072 Interea
783 3014 877 3075 volvit
898 3015 931 3076 in
953 3019 1049 3080 animo

108 3107 201 3165 muita
224 3110 254 3166 at
274 3104 379 3164 callida
400 3105 526 3164 consilia.
571 3110 589 3140 “
600 3105 707 3164 Nonne
731 3125 833 3166 saevus
860 3114 956 3167 eustos
980 3130 1049 3170 mox

108 3199 249 3259 dormisti
288 3197 397 3258 Nonne
410 3198 500 3274 caligo
513 3198 608 3259 nostis
627 3198 763 3258 liberabit
775 3199 863 3260 met'’
903 3201 1047 3279 Denique,

108 3293 187 3370 qnod
200 3293 280 3352 oanis
299 3311 360 3351 non
379 3281 518 3367 relinquit
536 3292 723 3371 praesidium,
739 3292 870 3368 desperat
889 3295 926 3353 de
945 3293 1045 3356 silute

108 3386 151 3446 At
163 3388 280 3446 fortuna
299 3386 386 3461 juvat
409 3385 565 3460 captivum.
608 3384 699 3461 Niger
712 3391 811 3444 taurus
830 3387 920 3446 intrat
939 3409 1044 3465 agrum.

109 3479 214 3538 Statim
229 3477 310 3540 videt
323 3493 432 3547 canem,
448 3479 477 3533 et
489 3480 573 3535 rorvu
585 3475 680 3534 fronte
700 3477 774 3552 petit
787 3482 940 3556 antiquum
953 3481 1048 3542 iuimi-
