2375 3875
493 312 767 383 'I'rensletlons
866 292 870 299 ¹

355 624 405 694 75.
434 609 501 679 Tae
521 608 762 676 Weatlter-wz'se
775 609 914 694 Dcnkey.

203 744 377 821 Ludovicus,
391 765 444 807 rex
464 746 625 822 Gallorum,
646 747 735 807 fidem
753 748 911 807 maximam
930 747 1057 808 habebat
1078 746 1108 805 ei

162 841 260 917 generi
292 840 453 915 hominum,
489 840 540 915 qui
573 839 710 916 astrologi
736 846 884 917 vocantur,
912 842 990 919 quod
1022 845 1110 900 motu

163 933 310 993 stellarum
329 933 436 994 imbres
449 937 620 1010 ventosque
640 932 802 1013 praedicere
822 934 923 994 solent
965 934 1038 1007 Rex,
1054 934 1111 1011 qui

163 1027 289 1086 multum
315 1027 348 1086 in
370 1026 575 1087 venationibus
602 1031 672 1100 erat,
696 1024 853 1104 aliquando
876 1025 947 1086 dum
968 1046 1110 1103 magnum

164 1140 280 1181 cervum
293 1120 413 1180 canibus
432 1139 485 1197 per
504 1120 593 1180 silvas
612 1121 712 1198 agitat,
733 1120 819 1179 celeri
839 1139 913 1197 equo
933 1120 1018 1197 longe
1036 1126 1109 1179 ante

164 1233 263 1274 omnes
283 1214 374 1274 socios
393 1217 607 1291 praetervectus
621 1218 671 1272 est
716 1214 831 1273 Interea
847 1214 957 1273 caelum
977 1213 1110 1272 nubibus

165 1307 339 1380 obscuratur,
350 1306 513 1383 gravisque
522 1306 617 1366 imber
627 1326 693 1365 cum
702 1307 797 1365 multi
810 1306 949 1382 grandine
958 1308 992 1366 in
1001 1311 1111 1365 terram

165 1401 277 1461 decidit
321 1400 387 1459 Rex
410 1400 507 1477 igitur,
533 1401 612 1477 quod
635 1420 754 1478 parvam
778 1421 872 1460 casam
895 1402 971 1460 inter
992 1402 1111 1461 arbores

164 1495 253 1569 videt,
267 1494 448 1571 tempestatis
461 1494 626 1572 perfugium
645 1494 727 1571 petit
771 1494 846 1552 Tum
866 1494 918 1553 ubi
937 1495 964 1553 is
982 1495 1112 1572 graviter

165 1587 315 1647 incusabat
326 1587 460 1646 indoctos
472 1587 538 1645 illos
552 1586 718 1663 astrologos,
735 1589 753 1620 ‘⁶
763 1586 795 1644 N
794 1587 856 1645 ulla
868 1591 967 1647 tamen
986 1592 1110 1664 tempes-

165 1683 234 1757 tas,”
254 1680 404 1758 respondit
418 1679 554 1757 'agricola
576 1681 661 1757 cujus
685 1699 750 1739 casa
769 1683 839 1753 erat,
862 1682 937 1740 “ms
956 1682 1111 1740 incautum

166 1774 291 1854 excipit3
311 1792 422 1850 semper
442 1772 520 1832 enim
540 1791 622 1831 meus
646 1773 752 1846 ssinns,
776 1774 827 1849 qui
848 1773 945 1851 fruges
968 1774 1047 1833 horti
1070 1776 1113 1834 ad

165 1870 261 1929 iorum
280 1872 393 1946 portare
406 1866 487 1941 solet,
508 1885 579 1925 voco
599 1870 685 1925 rauca
704 1865 827 1925 imbrem
846 1866 921 1926 milri
940 1868 1112 1947 praedicit”

168 1967 185 1996 ‘⁸
196 1959 368 2034 Nimirum,”
382 1979 449 2019 oum
462 1959 522 2018 risu
535 1960 686 2037 respondit
698 1979 758 2034 rex,
775 1960 829 2019 “si
849 1964 918 2020 tuus
935 1962 1034 2020 asinus
1047 1967 1113 2020 tam

165 2057 260 2116 bonus
272 2053 431 2129 astrologus
452 2056 504 2128 est,
519 2071 599 2113 meos
618 2052 775 2131 astrologos
794 2052 914 2131 posthae
935 2053 968 2112 in
988 2073 1112 2114 numero

166 2150 310 2209 asinorum
323 2144 463 2206 habebo.’'

446 2349 496 2431 76.
518 2346 550 2411 A
568 2347 827 2434 Practicalsoke.

214 2481 279 2542 Rex
292 2486 410 2562 quidam
429 2487 635 2551 Britannorum
649 2494 785 2569 quattuor
803 2490 930 2552 habebat
949 2493 1034 2566 filios,
1050 2498 1113 2573 qui,

166 2581 245 2659 quod
264 2581 340 2639 inter
359 2598 390 2638 se
409 2598 494 2655 saepo
514 2579 701 2656 dissidebant,
723 2582 813 2659 patris
833 2585 964 2646 animum
982 2593 1114 2666 graviter

167 2674 320 2735 vexabant
376 2671 423 2732 Ex
457 2671 504 2730 his
537 2673 682 2733 maximus
715 2679 796 2751 natu,
824 2679 873 2737 cui
906 2699 1014 2741 nomen
1047 2692 1113 2745 erat

166 2767 318 2841 Robertus,
330 2766 448 2842 Juvonis
461 2766 544 2825 ferox
557 2771 587 2826 et
600 2766 756 2828 iracundus
775 2789 860 2848 saepe
879 2791 932 2849 per
946 2774 1110 2840 ludibrium

167 2861 334 2922 alratribus
346 2859 539 2920 exercebatur.
581 2860 625 2919 Hi
641 2861 721 2937 olim,
736 2864 789 2940 qni
808 2865 841 2923 in
861 2868 1006 2943 superiore
1026 2880 1111 2948 parte
1168 2854 1169 2873 ¹

167 2956 282 3016 aedium
301 2954 374 3012 forte
390 2953 517 3026 fuerunt,
533 2952 703 3027 Robertum,
718 2956 789 3015 dum
809 2958 842 3016 in
861 2958 946 3020 horto
968 2963 1109 3042 ambulat,
1167 2942 1168 2977 ¹

166 3049 297 3128 improbo
317 3047 413 3106 animo
434 3046 632 3107 observabant.
692 3048 766 3108 Mox
785 3051 905 3126 juvenis
925 3054 1111 3132 improvidus
1166 3044 1167 3083 l

166 3145 222 3204 sub
244 3143 338 3220 ipsam
361 3140 523 3214 fenestram,
545 3145 604 3217 qua
623 3142 726 3200 fratres
749 3142 955 3222 despiciebant,
977 3169 1111 3225 gressum
1165 3122 1166 3187 l

167 3237 280 3297 direxit.
322 3235 398 3293 Tum
413 3234 496 3312 pueri
515 3235 645 3312 maligni,
660 3241 694 3294 ut
708 3237 835 3313 primum
849 3242 958 3302 occasio
972 3243 1040 3304 data
1055 3253 1109 3322 est,
1164 3220 1165 3291 l

167 3328 396 3407 incaputfratris
405 3327 515 3387 incauti
525 3328 693 3405 amphoram
704 3348 794 3407 aquae
805 3333 921 3410 plenam
932 3337 1107 3402 effuderunt
1162 3306 1164 3397 l

166 3425 209 3483 At
234 3422 377 3482 Robertus
400 3420 443 3478 ira
466 3423 548 3479 caeca
571 3420 702 3497 gladium
725 3425 851 3502 stringit,
876 3428 976 3507 inque
1004 3434 1112 3496 fratres

165 3517 307 3594 impetum
327 3513 405 3573 facit.
457 3513 499 3570 Hi
519 3517 617 3574 autem
636 3517 782 3592 perterriti
800 3519 834 3578 in
854 3525 1014 3599 penetralia
1033 3531 1112 3607 regis
