2375 3875
178 258 224 317 ‘38
519 254 792 325 Translatious.

184 447 285 509 mium.
326 446 419 509 Mane
436 466 521 507 suum
542 447 667 525 quisque
682 446 839 508 comitibus
857 446 1005 506 somnium
1022 447 1132 505 narrat.

163 540 301 613 ⁴Primus
327 560 365 602 ex
391 540 553 603 uiatoribus
587 542 630 601 sic
663 540 790 619 incipit:
822 539 929 600 “Mihi
956 540 990 599 in
1017 539 1134 600 somnio

185 636 341 715 apparebat
360 654 462 714 rapum
482 634 718 712 ingentissimum
727 656 738 711 ς
755 635 809 697 vix
828 635 864 696 id
879 634 1003 695 trecenti
1015 635 1077 695 viri
1096 652 1134 692 ex

185 730 424 808 agrotrnhebant.
459 728 793 807 Manuosaliquidhoc
800 725 1134 791 mirabiliusvidebetisl

186 823 264 885 Mihi
277 827 353 885 certe
366 823 528 903 praemium
540 822 689 885 debetur.''

317 1151 364 1220 34
386 1136 418 1201 A
447 1134 643 1217 Wonderful
652 1136 778 1203 Drcam
794 1135 1000 1220 (continued).

225 1305 300 1367 Tum
319 1302 472 1378 secundus,
492 1302 673 1364 “Somnium
692 1303 813 1379 quidem
831 1303 939 1364 mirum
958 1302 1131 1376 nenauisti3

185 1396 260 1460 mihi
279 1404 376 1459 tamen
396 1396 508 1473 aliquid
528 1396 691 1456 mirabilius
710 1397 807 1457 visum
823 1401 874 1458 eat
917 1396 996 1457 Mam
1012 1396 1080 1457 vidi
1100 1397 1131 1454 in

185 1492 298 1553 somnio
316 1510 369 1551 vae
388 1489 631 1567 ingentissimum‚
653 1488 731 1566 quod
751 1490 803 1549 vix
823 1490 976 1569 quingenti
997 1489 1131 1549 homines

185 1586 275 1647 totius
296 1584 366 1645 unni
389 1583 482 1661 spatio
506 1586 686 1662 paraverant.
728 1583 879 1643 Facillime
902 1601 936 1643 eo
960 1602 1028 1643 vase
1051 1583 1131 1642 istud

185 1698 289 1757 rapum
301 1676 509 1738 continebatur.
553 1677 663 1736 Nonne
675 1675 732 1736 hoc
745 1678 891 1736 somnium
903 1676 1067 1737 mirabilius
1078 1677 1131 1735 i110

182 1770 364 1849 judicatisl”
404 1768 447 1829 At
456 1769 566 1842 tertius,
578 1770 631 1846 qui
643 1769 714 1830 haec
724 1770 811 1830 tacite
821 1770 978 1846 audiverat,
991 1774 1011 1805 “
1019 1770 1131 1843 Gerte,”

53 1922 55 1927 .
185 1866 291 1944 inquit,
309 1868 325 1899 “
334 1868 456 1940 uterque
469 1868 599 1924 vostrum
616 1882 677 1922 rern
690 1864 852 1924 mirabilem
865 1864 1001 1937 narravit,
1015 1883 1132 1942 panem·

186 1978 243 2036 que
256 1959 331 2019 bene
344 1958 457 2016 meruit
501 1955 579 2015 Mihi
600 1961 698 2018 temen
718 1958 831 2034 aliquid
846 1958 952 2017 mirum
965 1959 1064 2017 uisum
1076 1963 1128 2017 eet.

186 2051 329 2205 {312}
332 2069 438 2172 pomno
461 2049 507 2129 (ut
526 2049 692 2130 videbatur)
717 2052 895 2127 esuriebam
918 2070 1023 2129 penem
1042 2051 1131 2128 igitur

480 2423 528 2494 55.
554 2410 839 2497 Tarannon.

228 2602 267 2662 In
281 2619 314 2662 ea
326 2603 408 2679 parte
428 2598 605 2674 Britanniae,
620 2619 693 2678 quae
713 2601 751 2662 ad
780 2601 993 2680 septentriones
1010 2611 1128 2684 spectat,

188 2699 259 2759 litus
286 2695 417 2771 undique
444 2693 566 2772 rupibus
592 2695 755 2771 asperrimis
788 2697 959 2758 continetur.
1015 2699 1130 2760 Incolae

188 2792 285 2869 igitur,
301 2789 380 2866 quod
392 2787 436 2847 ibi
448 2788 557 2847 inultae
574 2806 663 2848 naves
681 2789 863 2866 naufragium
875 2791 1014 2867 fecerunt,
1028 2795 1130 2853 turrim

189 2884 367 2956 altissimam,
396 2899 469 2958 quae
503 2880 610 2957 pharue
643 2882 812 2959 appellatur,
840 2885 966 2961 quidam
995 2885 1029 2945 in
1061 2905 1130 2965 rupe

189 2978 419 3040 aedificaverunt
462 2973 547 3033 Hanc
561 2974 665 3034 turrim
678 2975 849 3037 habitabant
861 2997 951 3038 senex
963 2982 993 3039 et
1005 2980 1066 3040 iilia
1080 3001 1131 3041 sua

190 3089 286 3151 parva,
315 3069 367 3145 qui
393 3071 481 3127 noctu
508 3087 621 3145 semper
646 3068 841 3129 incendebant
866 3070 1021 3148 lucernam,
1050 3075 1130 3150 cujus

189 3167 291 3226 lumen
313 3181 397 3239 saepe
417 3165 520 3220 nautas
540 3161 576 3220 de
600 3161 728 3239 periculo
747 3163 958 3239 praemonebat
1001 3167 1044 3226 At
1063 3186 1131 3227 non·

190 3276 341 3335 nunquam
360 3256 406 3316 vie
426 3256 606 3332 tempestatis
624 3255 735 3316 labores
755 3262 908 3316 nanterum
928 3265 1088 3337 exsuperat,
1102 3266 1131 3322 et

191 3353 276 3413 navis
295 3349 399 3408 infelix
419 3353 471 3408 aut
490 3348 652 3420 eubundie
672 3369 703 3410 ee
722 3353 835 3428 mergit,
855 3356 908 3410 eut
926 3353 1053 3431 scopulis
1072 3373 1131 3417 cru-

191 3444 305 3505 delibus
318 3441 477 3502 afflictatur.
