2375 3875
434 264 708 331 Translations.
1005 264 1044 327 57

91 452 287 513 celebrabant
331 454 395 515 Ubi
420 474 457 513 ex
482 460 526 514 tot
550 455 694 513 divitibus
717 473 803 514 nemo
827 473 925 532 preces
945 454 1044 513 audire

90 545 198 620 voluit,
227 548 397 623 piscatorem
436 568 601 626 pauperem,
636 548 689 625 qni
723 548 865 622 adstabat,
901 548 1043 607 auxilium

90 645 274 715 rogaverunt.
321 642 415 714 “Aa”
439 642 589 719 respondit
612 641 672 715 ille,
695 645 767 700 “eat
788 641 864 700 mihi
887 660 940 701 nec
961 641 1043 700 cibus

91 752 148 791 nec
162 739 314 810 argentum
328 734 416 811 domi,
432 735 511 812 quod
531 735 687 795 continuae
709 739 893 812 tempestatas
912 735 1006 812 pisces
1026 755 1044 793 a

91 828 202 885 uostris
213 828 269 885 oris
279 828 455 903 jamdudum
465 828 625 905 depellunt.
670 828 703 887 Si
713 832 811 887 tamen
820 847 933 887 ruscum
943 828 1042 888 venire

91 920 195 993 vultis,
210 920 285 979 hanc
307 926 422 981 noctem
441 922 497 981 snb
517 940 582 980 meo
603 926 679 982 tecto
693 922 870 998 requiescere
883 921 1042 998 poteritis.”

91 1013 171 1071 Inda
191 1013 326 1088 advenas,
341 1016 393 1091 qni
414 1015 484 1074 laeti
504 1015 679 1074 beneficium
698 1015 855 1091 accipiunt,
871 1013 991 1073 domum
1004 1014 1041 1073 ad

39 1170 41 1175 ,
92 1124 216 1165 uxorem
235 1106 324 1166 ducit
367 1106 425 1165 Illa
447 1114 544 1167 autem
565 1112 682 1180 maesta,
704 1107 783 1184 quod
803 1105 891 1183 digno
915 1106 1041 1183 hospitio

92 1197 223 1257 advenas
244 1218 304 1257 non
325 1204 421 1276 potest
441 1200 576 1277 accipere,
591 1198 702 1258 loculos
722 1218 837 1274 vacuos,
852 1198 968 1275 inopiae
988 1200 1041 1275 sig-

91 1310 176 1365 num,
199 1293 334 1351 ostendit.
389 1292 493 1352 Subito
517 1292 555 1351 ad
577 1297 683 1350 terram
707 1291 846 1350 decidunt
872 1311 948 1350 asses
972 1292 1037 1351 duo.

91 1384 234 1458 Piscator,
249 1385 388 1444 miraculo
401 1386 552 1460 attonitus,
567 1386 671 1444 vinum
692 1385 856 1461 cibumque
878 1386 949 1443 emit
956 1406 966 1460 ;
986 1404 1040 1443 neo

92 1478 216 1553 posthac
230 1479 332 1537 duram
346 1484 545 1556 paupertatem
559 1478 678 1556 ferebat,
691 1496 841 1557 nunquam
852 1476 929 1538 enim
937 1476 1040 1537 loculis

92 1570 225 1631 deerant
237 1571 332 1632 divini
345 1588 428 1633 asses.
447 1644 449 1649 k

373 2031 423 2095 82.
451 2029 519 2094 Tae
534 2029 655 2094 Golden
669 2031 766 2113 Loaf

134 2232 249 2309 Lydon,
264 2231 387 2310 agricola
400 2249 510 2310 pauper
529 2233 580 2292 ssd
594 2234 710 2310 probus,
726 2231 882 2311 aliquando
896 2251 961 2294 cnm
975 2232 1034 2293 tilio

92 2328 199 2390 edebat
225 2347 348 2406 parvum
374 2348 487 2406 panem,
514 2348 602 2405 quem
629 2330 720 2389 totius
743 2330 802 2388 diei
827 2331 958 2389 mercdde
984 2330 1036 2389 vix

93 2427 208 2483 emerat.
251 2421 333 2480 Dum
352 2441 424 2498 puer
437 2422 573 2481 dentibus
591 2441 674 2481 suam
693 2426 804 2499 partam
823 2423 907 2500 panis
919 2422 1035 2500 frangit,

94 2517 256 2594 complures
279 2515 393 2574 nummi
419 2515 506 2590 aurei,
526 2517 579 2592 qui
606 2516 638 2574 in
665 2515 730 2574 cibo
757 2516 865 2575 occulti
892 2520 981 2587 erant,
1003 2516 1036 2573 in

94 2611 236 2688 gremium
249 2609 312 2684 ejus
326 2607 502 2669 deciderunt.
545 2608 611 2667 Hoc
624 2609 676 2667 ubi
689 2608 770 2668 videt
783 2627 862 2685 puer,
876 2610 894 2641 “
902 2608 1036 2686 Accipe,”

94 2704 193 2780 inquit
216 2703 291 2760 laeta
314 2721 392 2774 voce,
417 2705 435 2733 “
443 2706 532 2780 pater,
556 2701 611 2760 hos
633 2721 775 2773 nummos,
797 2720 869 2777 quos
893 2703 964 2762 deus
987 2703 1037 2762 ali-

95 2797 161 2874 quis
195 2794 258 2869 tibi,
293 2795 470 2871 paupertatis
504 2794 671 2867 remddium,
707 2794 836 2854 tribuit'’
884 2796 1037 2856 “Minime

95 2887 265 2963 carissime,''
285 2887 435 2963 respondit
454 2893 543 2963 pater,
566 2889 586 2920 “
594 2887 747 2963 pecuniam
766 2889 865 2964 potius
884 2890 1036 2950 redddmus

95 2982 205 3062 pistori,
231 2982 290 3058 qui,
316 2981 388 3039 dum
407 2999 512 3057 panem
540 2981 647 3057 coquit,
672 2982 824 3057 pecuniam
851 3001 918 3040 cnm
944 2984 1038 3044 farina

95 3076 261 3152 nescioquo
281 3094 349 3133 casu
368 3073 510 3132 miscuit.”
552 3072 623 3132 Sine
643 3093 723 3133 mora
742 3075 827 3134 ambo
845 3075 883 3134 ad
899 3076 1035 3153 pistorem

96 3173 250 3248 properant
270 3186 398 3243 rem-qne
421 3171 544 3227 narrant
591 3166 668 3225 Tum
695 3167 754 3242 ille,
782 3168 905 3229 “Macte
929 3172 1038 3234 virtuto

95 3264 219 3342 Lydon;
250 3261 404 3331 fortunam,
433 3278 520 3335 quam
550 3259 625 3319 bane
654 3261 794 3336 meruisti,
826 3281 928 3340 carps;
958 3266 1038 3329 huno

97 3357 174 3416 enim
195 3373 309 3432 panem,
328 3354 413 3429 jussu
432 3353 515 3428 regis,
537 3352 572 3426 oi,
594 3371 682 3429 qnam
701 3352 802 3416 inveni
822 3357 1035 3436 probissimum,

98 3449 222 3508 libenter
235 3446 299 3505 do.”
