2375 3875
426 277 703 345 nrammflons.
998 278 1039 336 or

96 460 291 543 perlegerant
333 470 399 529 Rex
418 472 516 547 igitur,
530 471 583 546 qui
599 469 768 547 junioribus
786 487 900 546 semper
910 466 1035 543 invehet,

95 558 257 621 robertum
270 563 303 621 m
316 564 452 623 exsilium
463 564 612 641 relegavit

300 774 349 842 77.
372 761 461 826 How
475 760 623 843 toplease
634 758 846 841 Everybodr!

140 894 237 956 Senex
260 898 387 975 quidam,
410 899 464 975 qni
487 898 602 957 asinum
624 895 751 957 vendere
768 895 873 969 voluit,
894 914 961 955 cum
979 894 1041 953 filio

98 1007 168 1047 enm
181 989 219 1048 od
230 992 331 1050 urbem
344 992 475 1051 ducebat
519 990 594 1049 Mox
610 993 764 1049 occurrunt
783 988 870 1047 choro
884 988 1040 1063 virginum,

98 1100 175 1158 quae
191 1080 268 1139 done
280 1080 317 1138 ed
329 1085 473 1161 templum
489 1082 642 1142 Minervio
664 1082 827 1159 portabunt
881 1079 1042 1151 “Hercle”

99 1176 208 1251 inquit,
220 1195 257 1234 ex
267 1176 314 1234 hie
324 1178 451 1235 maxime
460 1182 542 1249 netu,
554 1180 574 1209 “
581 1175 737 1252 numquid
746 1178 843 1251 potest
852 1192 913 1233 ecee
923 1172 1057 1231 etnltine·

99 1268 169 1342 illie,
184 1270 237 1344 qui
250 1270 372 1345 pedibus
385 1270 441 1329 iter
454 1270 576 1342 faciunt,
590 1287 645 1327 nec
658 1270 740 1328 esino
753 1266 936 1327 vehunturi”
976 1264 1042 1325 Hoc

99 1361 155 1419 ubi
178 1362 291 1421 audivit
316 1382 414 1437 senex,
437 1362 532 1421 filium
555 1362 671 1421 asinum
690 1360 879 1421 conscendere
894 1358 993 1437 jureii,
1013 1364 1043 1419 et

100 1455 166 1531 ipse
185 1454 271 1514 ulceri
291 1475 389 1533 gressu
408 1456 465 1515 iter
484 1456 628 1534 pergebat
669 1454 741 1515 Non
759 1452 861 1532 procul
880 1452 918 1513 eb
930 1471 965 1512 eo
979 1452 1043 1512 loco

101 1548 194 1624 aliqui
220 1568 302 1608 eones
328 1568 489 1609 sermonem
515 1550 592 1607 inter
615 1566 647 1607 ee
669 1547 810 1607 serebant
859 1545 935 1605 Tum
957 1564 1042 1619 unue,

103 1640 245 1715 “Eheu''
271 1642 377 1719 inquit,
406 1645 578 1718 “quantum
604 1645 734 1716 ternpore
759 1640 927 1699 mutentur!
982 1636 1045 1696 Uti

101 1752 182 1793 nuno
204 1738 247 1793 cet
270 1734 320 1794 ille
340 1736 497 1795 senectutis
516 1733 650 1811 proprius
669 1733 781 1808 honor;
800 1730 887 1791 desili
906 1749 944 1790 ex
962 1729 1044 1789 eeino

102 1846 176 1903 puer
188 1820 349 1904 impudens,
362 1832 392 1887 et
404 1828 482 1905 petri
492 1824 587 1887 cede”
627 1825 703 1885 Inde
712 1824 841 1901 junonie,
852 1842 939 1901 quem
951 1822 1044 1901 pudor

102 1920 174 1980 facti
193 1921 257 1997 jem
280 1925 386 1996 movet,
408 1920 539 1980 celeriter
557 1918 599 1993 id,
621 1916 701 1996 quod
719 1917 778 1977 eibi
797 1917 971 1997 imperatum
990 1920 1042 1992 eet,

104 2014 183 2090 iecit,
198 2033 352 2092 senexque
365 2014 492 2075 invicem
504 2013 619 2073 minum
632 2010 807 2072 conecendit

192 2207 241 2289 78.
263 2205 352 2271 How
366 2215 398 2271 to
404 2206 513 2289 pleae
526 2203 741 2288 Everybody!
761 2201 967 2290 (continued).

146 2344 232 2404 Forte
259 2343 308 2402 via
341 2343 500 2402 secundum
526 2341 636 2401 flumen
663 2339 796 2414 ducebat,
823 2340 857 2399 in
889 2359 947 2418 quo
973 2341 1048 2402 duee

103 2439 230 2498 feminae
250 2441 346 2496 vestes
365 2436 511 2496 lavabunt
554 2436 628 2509 Hae,
649 2434 702 2493 ubi
715 2434 839 2494 victores
858 2433 971 2509 vident,
989 2438 1049 2495 uui

103 2549 176 2590 voce
190 2530 390 2589 crudelitatem
403 2529 502 2606 petris,
516 2527 639 2605 filiique
652 2527 758 2586 durum
777 2525 905 2587 laborem
924 2525 1045 2605 plorent

105 2625 203 2685 Senex
223 2625 321 2701 igitur,
344 2623 395 2701 qui
415 2623 551 2682 omnibus
570 2623 682 2700 plecere
694 2621 771 2696 vult,
792 2639 914 2698 puerum
934 2625 1000 2700 poet
1018 2640 1049 2682 ee

105 2718 205 2777 sedore
224 2717 319 2793 jubet
363 2717 426 2776 Neo
449 2719 548 2776 temen
571 2734 605 2775 eo
627 2732 672 2774 ree
695 2731 829 2792 prospere
848 2715 955 2789 evenit,
972 2713 1051 2792 quod

105 2815 182 2874 elius
192 2812 344 2897 victoriis
377 2812 507 2874 occurrit.
566 2812 621 2873 “O
638 2811 850 2889 impudentiam
863 2811 1051 2872 nefendeml”

105 2905 215 2984 iuquit,
238 2905 380 2965 “feciliue
400 2905 521 2982 potestis
544 2904 660 2963 ocinum
683 2903 741 2981 ipei
759 2903 872 2980 vehere,
893 2923 981 2982 quem
1001 2923 1053 2966 voe

106 3002 246 3060 misorum
259 2998 393 3058 animal.’'
433 2997 509 3056 Tum
519 3017 617 3072 senex,
630 2997 681 3074 qui
693 3016 731 3057 ne
744 2996 777 3057 id
789 2996 908 3074 quidem
920 2996 1053 3076 ineptum

107 3093 240 3172 putabet,
255 3097 408 3169 postquem
421 3109 502 3150 crure
516 3089 591 3150 esini
601 3090 722 3150 ionibus
735 3089 773 3149 ed
785 3109 923 3168 magnum
936 3094 1055 3150 contum

108 3188 252 3260 vinxerat,
266 3202 377 3244 novum
390 3203 464 3243 onue
476 3203 544 3243 cum
556 3183 684 3242 meximo
697 3181 796 3242 lebore
808 3182 841 3242 in
854 3201 921 3243 euos
935 3181 1056 3262 filiique

107 3280 246 3339 humeros
259 3276 430 3337 sublevavit
474 3275 518 3335 At
537 3277 645 3350 minue,
666 3275 714 3333 oui
733 3273 805 3334 heeo
824 3275 945 3336 minime
965 3275 1056 3354 plece-

107 3373 191 3446 bant,
206 3370 278 3430 dum
291 3373 381 3446 ponte
393 3366 503 3428 flumen
516 3368 730 3442 transmittunt,
744 3366 842 3428 cubito
858 3367 926 3430 nien
938 3367 1058 3431 vinculo

108 3465 231 3542 rumpit,
246 3467 277 3523 ot
289 3462 322 3521 in
334 3479 440 3538 equom
452 3460 659 3538 praecipitetur
