2375 3875
423 270 695 339 Translatlons.

274 586 324 664 56.
352 584 383 647 T
379 582 418 648 lte
431 581 628 669 ngttltousc
643 581 850 669 (continued).

125 735 256 797 Fuerunt
264 736 335 796 olim
342 736 451 795 multos
461 736 523 796 dies
531 735 687 796 continuas
696 739 896 813 tempestatem
911 736 1030 797 tandem

84 830 147 890 dies
160 830 335 908 tranquillus
347 829 481 890 succedit
524 828 545 889 J
546 848 659 906 amone
673 830 773 907 proonl
787 831 886 889 eturri
899 830 1031 891 custodes

83 946 218 1004 magnam
238 927 383 1004 aspiciunt
402 945 513 1001 navem,
529 945 603 1002 quae
622 926 656 984 in
675 926 801 1003 scopulis
821 926 938 1002 haeret,
960 945 1031 987 mox

84 1021 172 1079 etiam
199 1039 304 1097 pauoos
331 1020 434 1080 vident
460 1025 570 1095 nautas,
597 1020 649 1097 qui
676 1020 811 1080 manibus
837 1020 920 1098 signa
947 1023 1028 1098 dant,

83 1114 292 1191 auxiliumque
318 1118 430 1192 petunt
486 1114 560 1173 Tum
586 1115 669 1191 virgo
699 1114 829 1173 animosa
855 1134 922 1174 oum
949 1122 1030 1195 patra

83 1227 203 1285 parvam
216 1208 353 1286 scapham
372 1207 498 1282 deducit,
513 1212 544 1267 et
556 1208 644 1267 remis
662 1208 803 1285 velis-que
822 1227 927 1269 narem
943 1210 1029 1270 ambo

82 1306 196 1378 petunt.
240 1300 380 1377 Undique
403 1302 535 1379 ingentes
558 1300 665 1360 fluctus
688 1301 851 1378 surgebant,
875 1302 928 1362 vix
951 1303 1030 1363 enim

82 1398 243 1454 cessaverat
268 1395 411 1472 procella,
438 1394 521 1454 nullo
540 1398 639 1453 tamen
661 1394 789 1472 periculo
809 1394 855 1453 illi
875 1398 1029 1471 terrentur,

82 1487 135 1546 sed
156 1506 171 1545 e
190 1491 282 1547 morte
303 1494 407 1549 nautas
427 1488 563 1567 eripiunt,
583 1506 750 1568 omnesque
769 1491 849 1550 tutos
869 1488 905 1547 ad
926 1491 1027 1549 tussim

83 1584 237 1658 reportant

423 1958 469 2027 57.
493 1943 583 2010 Irislz
600 1945 697 2011 Stew.

124 2127 162 2189 In
177 2127 319 2187 Hibernia
333 2130 394 2187 erat
407 2126 477 2186 olim
491 2145 594 2203 magns
606 2127 705 2201 fames,
720 2144 794 2205 qnae
807 2127 917 2190 inooles
929 2145 1027 2191 earnm

80 2221 233 2299 regionum
252 2221 284 2280 in
305 2220 398 2279 diram
417 2219 546 2297 inopiam
565 2219 713 2296 redigebat
723 2240 733 2294 ;
754 2220 843 2280 multi
866 2222 953 2282 stiam
976 2242 1030 2301 spe

81 2313 205 2392 praedae
225 2314 262 2372 ad
282 2313 416 2386 latrones,
431 2313 483 2388 qui
503 2312 591 2372 silvas
610 2311 791 2372 infestabant
807 2332 838 2373 se
853 2314 1025 2391 jungebant.

81 2410 170 2468 Forte
183 2412 242 2467 tros
255 2407 381 2466 latrones
394 2407 507 2484 vesperi
519 2426 614 2466 oasam
633 2407 769 2484 pauperis
788 2408 928 2485 agricolae
940 2410 1028 2469 intra·

80 2506 197 2576 verunt,
221 2502 377 2579 minisque
399 2501 492 2561 saevis
516 2501 614 2561 eibum
638 2499 831 2578 postulabant
874 2502 907 2561 Is
929 2503 1026 2580 igitur,

81 2597 131 2656 oui
154 2595 230 2655 nihil
254 2594 313 2654 oibi
337 2595 456 2654 omnino
478 2599 634 2671 supererat,
656 2593 708 2656 diu
731 2594 886 2671 haerebat3
909 2597 1027 2656 tandem

81 2689 221 2750 callidum
234 2687 289 2747 hoo
299 2688 452 2748 eonsilium
462 2686 595 2765 oonoipit
632 2686 680 2745 Ex
693 2691 758 2746 arai
767 2688 891 2764 qnidam
901 2689 1028 2749 detrahit

80 2783 205 2864 pallium
218 2780 460 2859 antiquissimum,
474 2781 554 2858 quod
567 2784 597 2840 et
609 2784 694 2859 pater
704 2786 734 2841 at
746 2801 819 2842 avus
832 2783 935 2842 diebus
945 2783 1027 2843 festis

79 2877 227 2956 gerebant.
269 2877 334 2936 Hoo
347 2876 399 2935 ubi
419 2875 452 2934 in
471 2875 565 2934 inusta
583 2874 676 2934 cultro
696 2875 842 2949 dirisemt,
856 2896 1027 2954 aquam-qus

80 2971 240 3044 addiderat,
249 2989 328 3030 more
338 2969 413 3045 juris
425 2970 511 3041 ooxit,
524 2969 679 3046 dapesque
689 2968 760 3028 viris
770 2970 882 3045 jejunis
895 2972 1023 3048 apponit.

81 3067 125 3127 Hi
149 3065 234 3126 avide
258 3064 355 3122 cibum
380 3063 527 3138 devorant,
553 3062 773 3140 agricolamque
800 3063 927 3127 laudant.
984 3065 1026 3125 At

79 3161 179 3221 subito
203 3158 315 3235 aliquid
337 3157 370 3215 in
393 3157 525 3217 faucibus
548 3158 637 3215 unius
661 3175 698 3216 ex
721 3156 883 3217 latronibus
909 3157 1008 3218 haeret
1015 3179 1026 3233 3

80 3258 200 3332 ingente
220 3252 293 3311 tussi
306 3255 430 3310 aeratam
444 3251 564 3310 fibulam
577 3250 696 3328 respuit.
741 3251 847 3326 “Quid
868 3255 912 3310 est
931 3249 1025 3310 hool''

79 3349 187 3426 inquit.
231 3348 249 3380 “
257 3343 398 3421 Nempe,''
418 3344 567 3422 rospondit
586 3343 718 3421 agricola,
735 3347 753 3378 “
763 3344 803 3419 id,
825 3344 904 3422 quod
931 3343 1024 3404 solum

79 3445 210 3520 superest
224 3440 260 3502 de
274 3437 363 3518 pallio
377 3438 513 3516 egregio.''
