2375 3875
407 254 678 332 Tranetcttone.

277 481 323 549 17.
344 468 446 533 Little
452 467 584 555 Johnny
598 470 821 538 Haud-incia

107 603 273 687 ‚ichaunae
297 604 376 665 filius
402 606 480 683 parci
506 606 677 683 mercatoria,
706 626 777 685 puer
801 612 860 667 erut
887 607 1009 684 ineptus.

80 698 169 775 Saepe
182 715 232 774 per
252 716 333 775 agros
353 696 525 775 ambilabat,
540 704 570 760 et
589 718 701 778 semper
720 699 841 760 tollebat
857 699 955 759 oculor
975 699 1013 759 ad

80 792 196 863 caelum,
217 808 270 850 nec
290 791 460 852 observabat
479 791 601 853 hitmum
620 797 688 853 ante
708 791 801 870 pbdaa
847 790 943 851 Amici
962 790 1013 868 igi·

81 892 127 946 tur
145 883 330 961 appellabant
342 902 462 961 puerum
478 888 497 919 ‘⁴
506 884 527 945 J
528 884 672 945 ohannem
690 884 825 945 cerium.''
864 883 885 942 J
886 883 1013 943 channaa

79 980 148 1041 olim
177 985 256 1041 more
282 1000 335 1041 eno
363 982 536 1049 ambulabat.
593 982 646 1043 Sol
677 982 753 1042 almi
778 982 843 1041 luca
869 980 1016 1057 fulgebat3

79 1073 248 1134 hirundines
271 1074 453 1151 volitabant3
477 1094 544 1137 avae
564 1076 728 1136 cantabant
771 1072 848 1133 Puer
867 1092 945 1133 more
965 1091 1017 1133 auo

78 1167 211 1227 observat
238 1166 356 1227 caelum.
398 1168 484 1228 Eheu
509 1187 570 1230 non
595 1168 678 1228 videt
704 1165 799 1229 licum
826 1170 894 1239 ante
920 1165 1014 1243 pedae

79 1258 183 1320 Subito
196 1279 300 1338 magno
314 1260 424 1338 fragore
438 1261 471 1320 in
484 1280 588 1340 aquam
601 1260 718 1321 decidit.
760 1260 803 1319 At
817 1259 942 1338 piscator
957 1277 1017 1318 non

77 1350 161 1428 longa
174 1351 309 1427 abaetat
323 1353 411 1413 currit
424 1354 462 1413 ad
477 1353 581 1416 locum.
626 1354 696 1415 Sine
716 1351 796 1414 mbae
815 1353 901 1414 hamo
921 1356 1017 1430 captat

77 1450 186 1506 restem
212 1446 365 1524 Johannie,
393 1446 550 1527 trahitque
577 1448 616 1507 ed
642 1451 748 1508 terrem
773 1466 896 1527 puerum
921 1446 1016 1507 adhuc

78 1558 185 1599 vivum

366 1672 411 1736 18.
427 1672 539 1757 Judge
556 1669 721 1754 Gascoync.

116 1806 261 1866 Hannone
285 1806 417 1880 1V.,rax
439 1807 654 1881 Britannorum,
669 1806 796 1867 babebat
819 1806 933 1885 pigrum
953 1827 1016 1885 pro

76 1899 244 1979 digumque
270 1900 383 1976 filium3
409 1919 476 1961 nam
500 1901 621 1977 juvenis
641 1900 765 1961 nimium
785 1900 900 1961 amabat
925 1900 1016 1961 malou

76 1991 202 2054 comitea
252 1993 338 2052 Forte
370 1993 447 2054 cirea
478 1998 613 2054 accbeant
643 1993 723 2066 furti,
751 1992 863 2067 Ouium,
892 1994 1016 2053 amicum

74 2084 225 2164 principia,
239 2104 334 2145 coram
350 2084 456 2162 judice.
500 2086 639 2164 Princeps
659 2084 792 2164 proptret
811 2086 848 2146 ad
868 2085 972 2161 locum,
987 2092 1017 2146 et

75 2179 147 2239 diris
166 2179 255 2238 minis
274 2180 403 2257 postulat
422 2178 539 2240 vbniam
559 2179 665 2240 delicti.
709 2180 752 2238 At
768 2180 868 2255 judex,
883 2184 1017 2241 strenuus

74 2273 130 2346 vir,
141 2269 227 2349 nbgat
237 2272 359 2332 veniam.
389 2271 529 2350 Princeps
543 2271 633 2348 igitur
643 2271 760 2349 attingit
772 2271 908 2349 glltdium.
942 2273 1015 2333 Tum

71 2364 166 2442 judex
189 2362 283 2423 vineit
307 2363 414 2421 catania
435 2363 591 2441 superbum
611 2362 759 2440 juvenem
802 2363 873 2423 Poat
895 2369 1017 2423 mortem

74 2456 166 2533 patrie
193 2455 311 2532 juvenis
343 2455 496 2529 Henricue,
521 2458 584 2533 jam
611 2474 671 2532 rex,
700 2456 752 2515 ciat
778 2454 866 2533 digna
893 2457 1018 2534 praemia

69 2548 175 2626 judici,
190 2546 347 2626 hebet-que
359 2547 393 2607 in
405 2547 524 2609 numbro
538 2549 701 2609 amicorum

318 2757 363 2824 19.
387 2742 512 2824 Alfred
522 2743 593 2806 and
605 2742 657 2807 tlte
674 2741 780 2810 Cakes.

115 2875 271 2948 aluredus,
283 2893 335 2934 rex
347 2875 561 2954 Britannorum,
578 2893 661 2953 caepe
675 2876 823 2952 pugnabat
836 2894 903 2937 cum
916 2875 1018 2940 Deniu.

73 2971 209 3030 Primum
228 2968 309 3029 Dani
329 2953 486 3028 vincebant
498 2968 589 3045 regiae
603 2969 708 3045 copiae,
723 2974 753 3027 et
765 2986 823 3043 rex,
839 2970 931 3046 exaul,
946 2972 1021 3078 petit

73 3061 237 3140 hospitium
251 3059 287 3119 ab
301 3059 404 3120 inoblia
423 3079 528 3137 parvae
541 3059 629 3120 cisae.
671 3059 797 3134 Incolae,
812 3061 898 3121 inscii
910 3062 1021 3140 figurae

72 3155 160 3232 regie,
180 3152 305 3229 benigna
325 3153 464 3230 praebent
484 3151 594 3230 hospiti
614 3151 749 3230 exiguam
769 3172 888 3214 coenam
905 3154 1022 3215 ‹lurum-

72 3270 133 3330 que
164 3249 279 3309 lectum.
322 3248 468 3308 Postridie
494 3253 619 3326 pergunt
646 3248 683 3307 ad
709 3249 843 3311 laborem
886 3250 1022 3330 Agricola

71 3343 169 3423 puscit
179 3341 265 3416 braa5
285 3359 359 3402 uxor
369 3341 460 3402 verrit
473 3342 576 3416 acdea3
597 3359 649 3403 rex
661 3341 793 3403 incendit
805 3342 910 3420 ignem,
922 3350 1022 3404 torret-

71 3455 133 3515 que
147 3435 214 3496 liba
258 3433 332 3494 Mox
346 3438 452 3510 tamen,
463 3433 542 3511 quod
555 3434 660 3494 anxius
673 3433 775 3495 multia
786 3436 863 3495 curie
876 3435 1021 3498 Aluredua

118 3552 255 3600 omnum]
528 3529 548 3576 Β
