2375 3875
1169 509 1170 542 i

1169 573 1170 588 r

338 565 406 629 128.
433 564 499 630 The
513 564 757 631 Subterranean
770 566 924 651 Passagc.

194 713 288 775 Sinon
308 713 392 777 dives
414 716 456 778 ita
475 717 578 793 iaetus,
604 718 684 796 quod
707 718 827 780 domum
849 719 888 778 ad
911 737 979 780 suos
1004 718 1102 780 redire
1169 763 1170 814 p

153 807 256 883 voluit,
270 814 374 870 noetus
393 809 532 870 idoneum
551 815 668 888 tempus
687 812 726 870 ad
745 811 951 890 navigandum,
973 831 990 872 o
1010 817 1101 890 portu
1169 823 1170 861 i

153 900 248 963 solvit
290 903 334 962 At
354 922 461 982 paucos
481 909 549 983 post
570 905 633 966 dies
655 910 752 965 coorta
773 910 818 966 est
838 906 1005 968 saevissima
1027 911 1102 966 tem·
1169 873 1170 948 i

152 999 256 1071 postas,
270 998 355 1074 eujus
368 997 508 1058 violantia
520 999 614 1074 navis,
627 999 666 1058 ed
685 999 819 1078 scopulos
839 1001 970 1078 appulsa,
984 1001 1101 1060 naufra-

152 1088 235 1165 mum
247 1089 323 1151 feeit
367 1091 432 1151 Hoe
446 1092 480 1151 in
492 1091 557 1152 loeo
570 1096 667 1152 aestus
681 1112 732 1170 per
751 1093 829 1152 latus
842 1094 950 1153 montis
964 1112 1101 1170 praerup

152 1187 217 1242 tum
229 1183 312 1244 alveo
325 1183 404 1245 haud
417 1185 460 1244 itu
472 1204 577 1264 magno
587 1186 718 1246 fluminis
728 1186 814 1246 modo
822 1186 959 1246 volvitur.
1004 1185 1101 1246 Sinon

153 1276 339 1354 comitesque
362 1278 523 1354 complures
547 1279 610 1338 dies
634 1279 667 1338 in
690 1283 812 1358 angusta
835 1299 907 1357 rupe
930 1280 1098 1352 manebant,

153 1368 233 1445 qnod
250 1367 321 1429 hino
338 1371 383 1431 vis
402 1371 544 1433 fluctuum
563 1391 613 1432 eos
632 1371 712 1432 abire
731 1372 892 1450 prohibuit,
909 1371 993 1433 illino
1013 1391 1100 1432 mons

152 1462 311 1523 altissimus
332 1463 416 1524 nullo
439 1464 526 1524 modo
550 1465 669 1524 aseendi
690 1465 794 1544 potuit.
836 1464 965 1524 Tandem
993 1464 1098 1540 Sinon,
1169 1513 1170 1530 1

152 1560 306 1633 postquam
319 1575 438 1634 parvam
449 1563 541 1617 ratem
554 1577 571 1618 e
583 1557 715 1618 trabibus
729 1557 813 1618 navis
826 1557 942 1632 fecerat,
956 1556 1022 1617 sine
1036 1558 1098 1617 ullo

153 1651 258 1709 comite
276 1669 308 1710 so
328 1651 508 1711 committere
527 1669 615 1710 ausus
635 1656 679 1710 est
698 1650 823 1726 flumini,
838 1651 918 1728 quod
933 1651 990 1711 sub
1004 1651 1098 1710 imum
1169 1667 1170 1722 1

153 1747 282 1803 montom
304 1742 439 1803 volutum
465 1748 516 1804 est
559 1743 635 1803 Inde
662 1761 714 1820 per
739 1743 803 1804 vias
830 1743 957 1804 occultas
984 1749 1098 1804 summa
1169 1737 1170 1820 J

154 1836 298 1897 eeleritate
310 1840 420 1911 vectus,
435 1835 514 1914 quod
526 1854 582 1896 neo
594 1836 652 1896 iter
664 1836 764 1897 vidore
777 1855 831 1897 neo
844 1855 961 1898 cursum
974 1837 1098 1915 dirigere
1169 1837 1170 1914 ξ

153 1933 273 2007 poterut.
283 1929 382 1993 laboro
395 1933 425 1991 ot
438 1929 570 1992 excubiis
582 1930 722 2008 defessus,
732 1930 815 2010 gravi
827 1949 929 1993 somno
943 1950 1098 2010 oppressus

155 2028 205 2085 est.

458 2221 526 2287 129.
548 2204 656 2269 Home
669 2214 708 2270 at
720 2206 791 2269 last.

194 2356 260 2434 Quo
272 2374 373 2417 somno
388 2354 481 2417 Sinon
494 2374 655 2433 oppressus,
666 2352 739 2417 duos
750 2355 813 2416 dies
826 2354 908 2417 omni
920 2374 1009 2417 sensu
1021 2376 1097 2418 eare-
1169 2334 1170 2355 ¹

154 2452 223 2527 bat3
250 2451 337 2510 tertio
358 2454 457 2510 tamon
479 2448 535 2524 die,
560 2449 614 2509 nbi
637 2447 767 2510 animum
789 2448 842 2509 vix
865 2450 981 2527 recepit,
1005 2449 1097 2511 solem

146 2536 247 2605 ¹laetus
266 2544 396 2621 aspexitz
416 2543 487 2603 ratis
507 2542 594 2617 onim,
610 2541 681 2602 dum
700 2543 764 2621 ipse
780 2542 896 2619 dormit,
911 2543 967 2603 iter
986 2544 1097 2621 perieu-
1169 2548 1170 2551 ’

154 2639 248 2697 losum
267 2637 435 2711 oonfseerat,
450 2640 480 2695 et
492 2636 525 2697 vi
537 2636 667 2695 fluminis
680 2640 764 2697 reete
785 2637 823 2696 ed
843 2636 985 2715 oppidum
1006 2639 1097 2715 quod·
1169 2650 1170 2661 ¹

155 2732 230 2806 dam,
258 2732 290 2789 in
316 2730 379 2807 ripa
405 2729 541 2807 positum,
569 2728 733 2790 advenerat
785 2729 901 2789 Deinde
928 2730 1015 2807 aives,
1044 2731 1097 2791 tali

154 2822 291 2884 miraonlo
314 2823 439 2899 attoniti,
465 2822 606 2883 Sinonem
632 2822 671 2882 ad
696 2842 794 2901 regem
823 2842 910 2882 snum
937 2822 1093 2884 duxerunt

154 2919 221 2992 Hie,
236 2920 389 2995 postquam
407 2936 469 2975 rem
489 2934 605 2975 omnem
621 2916 766 2993 cognovit,
780 2915 860 2993 qnod
873 2920 956 2976 tantu
969 2917 1097 2994 pericula

154 3012 308 3090 plusquam
337 3010 466 3069 humana
490 3009 675 3085 videbantur,
704 3008 817 3086 Sinoni,
845 3010 965 3069 honoris
1000 3016 1093 3085 eausa,

154 3106 275 3183 pallium
289 3122 465 3181 purpureum
478 3121 660 3178 auream-que
673 3120 807 3161 eoronam
823 3102 886 3161 dari
903 3102 1001 3180 jussit,
1017 3104 1096 3164 navi-

154 3219 211 3277 que
224 3197 335 3275 egregia
348 3196 475 3255 donavit
518 3193 594 3254 Inde
607 3193 709 3268 Sinon,
721 3194 856 3255 secundis
865 3196 963 3256 ventis
976 3197 1096 3257 domum

154 3293 299 3364 adventus,
326 3288 404 3347 inter
430 3286 537 3345 amieos
569 3286 815 3364 propinquos-que
845 3288 990 3366 reliquum
1019 3292 1095 3351 vitae

179 3386 280 3445 atium
292 3379 450 3457 tranquille
463 3379 582 3456 peregit,
593 3397 647 3439 neo
660 3378 722 3439 ullo
735 3380 863 3456 periculo
877 3382 998 3460 posthae
1012 3404 1095 3445 vexa

219 3480 266 3534 aa
