2375 3875
442 281 714 349 'translations

343 557 410 620 149.
432 541 490 603 An
504 542 714 605 Ill-matclred
724 543 818 606 Pair.

148 671 251 748 Lupus
277 675 347 733 olim
371 695 436 734 eum
461 676 550 753 vulpe
572 679 738 737 societatem
759 679 920 755 conjunxit
965 677 1051 735 Hane

105 764 205 838 igitur,
230 766 310 842 quod
335 769 428 827 multo
455 769 596 830 infirmior
618 777 686 844 erat,
709 771 904 847 quodeunque
926 769 977 828 ille
998 770 1052 827 im-

105 859 342 932 peravit,sace1e
369 863 526 937 oportebat.
568 863 745 941 Aliquando,
771 863 842 922 dem
868 881 920 939 per
944 862 1048 922 silvam

105 952 225 1010 comites
247 952 302 1011 iter
321 954 440 1015 faciunt
483 957 623 1034 “Vulpes
642 956 811 1032 carissima,”
832 955 930 1032 inquit
949 957 1047 1031 lupus,

107 1043 246 1119 “aliquid
260 1045 318 1104 cibi
331 1047 405 1105 mihi
418 1066 505 1124 quam
519 1049 664 1108 celerrime
678 1051 754 1122 affer,
770 1067 816 1122 ne,
831 1049 906 1106 fame
923 1050 1047 1118 coactus,

104 1141 134 1194 te
148 1138 242 1212 ipsam
255 1138 416 1199 devorem.”
457 1142 654 1218 “Equidem''
669 1142 818 1219 respondit
836 1141 938 1217 vulpes
961 1141 1049 1198 minis

103 1233 264 1306 perterrita,
287 1233 394 1292 “haud
412 1235 514 1311 procui
532 1237 568 1294 ab
589 1236 727 1295 hocloco
748 1237 821 1295 duos
841 1253 930 1312 agnos
955 1233 1049 1310 pridie

103 1324 252 1400 conspexi,
268 1344 341 1401 quos
355 1327 493 1386 facillime
513 1328 569 1387 tibi
589 1329 688 1387 afferre
707 1330 833 1404 potero.”
874 1327 973 1402 Quum
992 1325 1048 1383 hoe

104 1418 181 1474 inter
201 1437 250 1476 eos
270 1420 460 1494 convenisset,
476 1421 579 1498 vulpes
593 1441 631 1480 ex
644 1422 726 1497 agnis
744 1421 866 1480 alterum
880 1419 916 1478 ab
931 1437 997 1495 agro
1012 1418 1050 1476 ed

102 1511 208 1586 lupum
218 1513 351 1586 portavit.
383 1513 508 1586 Deinde,
518 1514 737 1590 utsibieliquid
745 1515 896 1584 inveniret,
910 1512 1046 1570 discessit.

102 1605 146 1661 At
159 1605 257 1682 iupus,
272 1607 323 1682 qui
336 1607 419 1665 brevi
432 1627 539 1684 agnum
553 1609 712 1680 devoravit,
728 1627 766 1667 ne
779 1608 834 1666 hoe
848 1607 966 1684 quidem
979 1607 1048 1665 satis

102 1703 267 1772 contentus,
283 1705 317 1757 ut
329 1699 419 1758 altero
432 1703 582 1776 potiretur,
598 1701 661 1776 ipsa
680 1700 719 1759 ad
739 1701 815 1759 ovile
829 1699 975 1776 proiectus
995 1703 1047 1756 est.

102 1791 135 1848 Ia
145 1796 251 1866 autem,
263 1794 342 1869 qued
352 1813 413 1852 rem
426 1795 571 1853 incautius
582 1795 648 1869 egit,
661 1813 678 1852 a
691 1798 804 1870 pastore
814 1798 923 1870 captus,
933 1791 976 1848 ita
988 1809 1048 1867 gra-

101 1884 179 1943 viter
188 1885 356 1945 verberatus
366 1892 418 1961 est,
430 1891 575 1965 utcorpus
588 1886 626 1946 ad
636 1887 740 1945 silvam
754 1887 806 1947 vix
817 1885 928 1946 trahere
942 1888 1045 1959 posset.

345 2108 411 2173 150.
439 2096 628 2159 Greediness
634 2096 802 2177 parented,

143 2228 263 2287 Postero
277 2230 326 2289 die
338 2229 426 2305 lupus
440 2231 475 2288 de
489 2232 549 2289 suis
562 2232 678 2307 injuriis
692 2236 818 2307 quastus,
830 2252 848 2290 a
860 2232 964 2291 comite
977 2231 1047 2289 facti

100 2322 296 2397 imprudentis
309 2323 494 2382 vehementer
517 2324 665 2397 incusatus
689 2330 750 2399 est3
779 2324 902 2383 “Hodie
922 2322 1046 2396 tamen,''

100 2416 200 2491 inquit
209 2414 323 2490 vulpes,
335 2416 388 2473 “si
400 2434 514 2473 mecum
524 2416 623 2474 venire
634 2416 687 2489 vis,
699 2421 814 2475 tantum
827 2417 893 2489 eibi,
905 2421 1047 2492 quantum

100 2510 185 2568 sidere
207 2509 315 2584 poteris
334 2509 391 2568 tibi
412 2509 513 2567 dabo.’'
553 2509 656 2585 Lupus
676 2510 766 2585 igitur
783 2510 902 2587 vulpem
921 2514 1045 2580 secutus,

101 2603 237 2670 horreum
250 2602 389 2677 agricolae
399 2602 551 2677 cujusdem
563 2603 637 2660 rima
651 2602 729 2660 haud
743 2603 785 2660 its
797 2608 901 2679 magna
913 2602 1044 2661 intravit.

101 2694 170 2766 Hic,
191 2714 283 2769 quum
307 2695 400 2753 carnis
427 2695 583 2753 maximam
611 2694 722 2770 copiam
748 2694 936 2769 invenissent,
961 2695 1046 2753 ambo
1087 2763 1089 2767 .

102 2788 227 2864 dapibus
248 2788 407 2863 inopinatis
428 2788 506 2847 vesci
527 2787 680 2863 incipiunt
723 2786 833 2863 Vulpes
854 2794 950 2845 antem
971 2788 1048 2846 inter

102 2881 248 2939 edendum
269 2880 308 2939 ad
328 2881 431 2938 rimam
453 2880 616 2938 cursitabat
661 2878 765 2937 Subito
788 2879 890 2955 ingens
910 2880 1046 2955 strepitus

102 2973 219 3032 auditus
246 2978 298 3031 est
354 2973 530 3031 Panduntur
555 2976 661 3047 portae.
715 2972 805 3030 Inruit
832 2973 954 3049 agricola
981 2992 1046 3031 cum

102 3067 196 3126 securi
216 3068 333 3143 ingente
353 3072 486 3125 armatus.
529 3066 604 3123 Inde
618 3065 728 3141 vulpes,
743 3084 816 3142 quae
828 3066 908 3125 haud
922 3067 1048 3125 muitum

102 3160 199 3218 ederat
220 3160 294 3217 rima
306 3178 337 3217 se
350 3160 433 3217 facile
453 3158 559 3233 eripuit
568 3178 577 3231 3
596 3157 684 3233 lupus
703 3162 801 3216 tamen
820 3162 935 3217 tanturn
955 3159 1048 3216 earnis

103 3253 299 3325 devoraverat,
314 3257 348 3310 ut
362 3270 464 3327 eorpus
477 3253 510 3308 in
523 3251 595 3309 rima
608 3250 742 3309 haereret.

144 3344 281 3420 Agricola
288 3345 385 3419 igitur,
392 3363 483 3420 quum
491 3363 558 3402 eum
568 3344 660 3403 securi
668 3344 867 3419 interfecisset,
874 3351 962 3423 caput
971 3351 1048 3423 post

105 3440 172 3497 ibus
177 3438 279 3496 affixit.
291 3438 355 3511 Quo
360 3438 491 3513 exemplo
496 3437 1044 3515 furesinposterumarapinisdeterruit.
