2375 3875
439 754 507 821 137.
536 740 567 803 T
563 740 603 803 lze
615 740 759 805 Praetor
763 741 908 823 puezlcd

237 923 323 981 Forte
336 925 426 981 naute
439 922 567 998 quidem,
582 923 635 1000 qui
648 941 733 983 mene
746 924 784 983 ed
797 937 901 984 novem
914 942 998 984 susm
1017 925 1135 997 redibat,

196 1014 364 1092 imprudens
378 1015 499 1075 cadaver
512 1034 564 1074 suo
581 1014 655 1092 pede
674 1017 823 1093 percussit
867 1017 926 1076 Hic
947 1023 1056 1092 cutem,
1070 1020 1136 1077 dum

195 1109 334 1167 attonitus
355 1127 458 1185 corpus
478 1108 717 1186 obsorvct‚‘quod
735 1109 767 1171 vi
787 1111 863 1169 ictus
883 1110 1032 1187 dejectum
1058 1112 1136 1169 humi

192 1201 315 1277 jacebat,
331 1220 348 1259 e
361 1200 513 1261 lictoribus
526 1202 606 1279 opud
619 1202 784 1262 Praetorem
798 1202 952 1262 Urbanum
965 1203 1075 1262 ductus
1087 1208 1133 1262 est

196 1294 261 1369 Qui,
276 1300 429 1371 postquem
442 1314 558 1355 causum
571 1296 674 1369 audiit,
689 1300 809 1355 nentem
829 1296 922 1355 securi
941 1296 1023 1355 feriri
1040 1296 1132 1373 Jumit

194 1388 268 1447 Inde
280 1387 351 1446 dum
364 1386 480 1447 lictores
494 1389 617 1451 securim
631 1394 748 1464 acuunt,
764 1389 879 1448 eturbr'r
889 1388 1133 1448 circumstantium

194 1481 313 1540 exsiluit
346 1486 493 1556 mercator,
522 1496 721 1560 poenamque·
748 1486 853 1541 nautae
881 1482 939 1542 sibi
964 1482 1131 1542 vindicavit

193 1574 311 1633 Praetor
332 1574 428 1651 igitur,
450 1575 506 1635 etsi
525 1576 636 1635 virtute
654 1575 783 1635 hominis
802 1574 964 1635 delectatus
984 1580 1040 1651 est,
1060 1575 1133 1653 qnod

193 1668 284 1744 legem
304 1669 448 1749 negligere
473 1668 580 1745 noluit,
601 1674 721 1729 nautam
740 1689 757 1729 e
776 1669 904 1728 vinculis
922 1670 1015 1728 eximi
1035 1690 1133 1730 merce

192 1766 351 1837 torem-que
360 1761 398 1821 cd
411 1762 510 1839 polum
523 1762 644 1839 deligari
653 1761 750 1838 jussit
792 1761 837 1820 Ac
849 1761 934 1821 lictor
947 1762 1001 1821 ubi
1014 1764 1132 1824 securim

192 1855 230 1913 cd
240 1855 415 1932 supplicium
426 1856 601 1915 sumendum
611 1854 775 1929 sustulerat,
786 1854 885 1914 subito
895 1854 1020 1916 clamore
1030 1863 1132 1930 motus,

192 1947 283 2006 ictum
296 1947 458 2009 intermisit.

471 2291 538 2368 138.
561 2287 713 2371 Brcuglet
725 2298 756 2353 to
770 2289 854 2370 Life

230 2472 308 2532 Inde
321 2471 450 2532 medicus
463 2475 622 2548 sartorque
635 2471 725 2531 simul
737 2471 836 2547 locuti,
850 2490 881 2532 se
892 2473 1008 2534 sceleris
1017 2474 1131 2535 sdrnissi

192 2569 405 2626 accusaverunt.
449 2563 535 2639 Quod
553 2564 608 2624 nbi
626 2564 720 2623 audiit
739 2563 867 2641 Praetor,
884 2569 976 2625 totum
996 2585 1060 2627 rem
1077 2568 1131 2627 sibi

191 2657 300 2717 nerrsri
324 2657 420 2734 jussit.
462 2656 510 2716 De
536 2661 595 2733 qui.
620 2656 724 2716 certior
749 2656 852 2732 fectus,
880 2659 959 2734 quod
985 2677 1048 2719 rem
1075 2665 1131 2720 ten

190 2750 383 2826 multiplicem
397 2749 540 2827 explicere
552 2767 616 2810 non
628 2742 749 2827 poteret,
764 2766 864 2810 omnes
877 2750 956 2827 apud
967 2750 1131 2829 Augustum

190 2843 269 2904 trahi
283 2843 378 2920 jussit
421 2842 572 2920 Augustus
584 2843 683 2920 igitur,
697 2861 806 2920 nequo
820 2843 1084 2920 erroreielleretur,
1098 2865 1131 2906 ex

190 2937 251 2997 suis
271 2935 398 3010 medicis,
419 2955 506 3014 quern
526 2936 734 3013 peritissimum
757 2935 885 3010 heberet,
906 2939 1012 2997 arcessi
1035 2941 1128 3017 jussit

190 3031 249 3091 Hic
262 3034 369 3102 eutem,
380 3048 484 3107 corpus
497 3029 630 3089 tibicinis
642 3027 797 3106 diligenter
809 3033 963 3104 scrutatus,
974 3050 1027 3091 suo
1043 3033 1131 3110 digito

190 3145 223 3186 cs
237 3122 743 3202 exguttureviritendemextrsxii.
785 3122 1007 3197 luderesmihi
1015 3127 1130 3202 quidem

189 3218 269 3279 haud
290 3217 444 3292 credibilis,
459 3217 589 3277 evenisse
609 3215 723 3276 dicitur.
766 3215 888 3275 Tibicen
907 3217 996 3292 enim,
1011 3219 1066 3296 qni
1084 3238 1130 3297 per

189 3313 244 3372 hoc
267 3329 353 3371 omne
375 3313 491 3385 tempus
511 3311 643 3367 mortuns
665 3325 728 3367 esse
748 3307 910 3383 videbatur,
932 3309 1048 3387 ingenti
1068 3331 1130 3372 cum

188 3404 298 3481 gemitu
311 3400 441 3460 animum
454 3400 572 3476 recepit,
581 3416 750 3476 omnesque
762 3399 835 3459 falso
848 3401 944 3462 coedis
957 3402 1081 3464 crimine
1092 3405 1130 3464 ite

189 3491 330 3554 liberavit
939 3494 941 3499 '
