2375 3875
423 290 698 362 Translstions.

276 511 429 629 PIEOES·
442 566 524 628 FOR
544 564 843 629 TRANSLATION.

140 710 145 721 “
201 710 206 719 ’
323 714 392 779 131.
419 696 486 763 Tse
498 696 804 780 DonkeybAdvice.

127 831 265 907 Agricola
291 832 419 909 quidem,
441 834 559 893 nomine
580 832 662 908 Ceto,
683 850 843 894 sermenem
864 831 1034 892 animalium

87 924 244 984 intellexit
287 924 347 985 Hie
360 926 431 986 olim
444 926 557 1002 bovem,
571 928 623 1003 qui
636 927 782 986 fortunam
795 927 946 987 adversam
955 924 1035 1002 apud

88 1018 204 1076 asinum
218 1018 400 1095 querebatur,
414 1020 536 1082 audivit.
574 1024 593 1053 “
602 1019 751 1096 Utinsm‚”
761 1018 929 1096 inquitbos,
943 1021 962 1050 “
971 1036 1034 1075 mes

87 1114 206 1174 fortuna
226 1123 294 1175 tuae
317 1117 421 1177 similis
443 1121 524 1178 esset
568 1116 609 1177 Te
633 1117 764 1193 quetidie
784 1121 882 1175 noster
899 1115 1035 1192 magister

87 1206 245 1283 diligenter
254 1212 343 1283 curet,
355 1209 412 1269 tibi
422 1208 624 1269 dulcissimum
632 1210 730 1270 eibum
743 1214 844 1287 peret,
864 1227 915 1286 ego
926 1213 1033 1280 temen,

86 1301 141 1375 qui
161 1301 268 1361 arando
283 1307 378 1362 totum
392 1303 471 1363 diem
491 1321 638 1377 consumo,
659 1303 787 1380 gramine
808 1320 906 1362 veseor
925 1300 1033 1360 tenui”

87 1392 147 1451 Cui
160 1394 269 1467 asinus,
285 1398 303 1427 ‘⁴
313 1395 358 1454 Tu
371 1401 477 1470 tumen,
493 1416 511 1455 o
525 1396 705 1469 stultissime,
720 1396 822 1455 merito
834 1395 905 1454 hese
919 1393 1033 1470 pa'tbris,

86 1486 169 1561 quod
189 1487 255 1564 jugi
278 1488 403 1548 nimium
426 1490 540 1566 petiens
562 1509 601 1549 es.
645 1489 706 1550 Cur
728 1507 788 1548 non
811 1489 947 1566 magistro
970 1487 1036 1546 istis

87 1578 226 1639 cornibus
242 1586 366 1641 mortem
386 1582 523 1641 miseriei
564 1583 625 1644 Gur
642 1600 702 1641 non
723 1587 852 1659 mugitus
870 1581 1036 1640 horrisonos

87 1672 171 1731 edist
230 1673 295 1733 Hee
323 1674 443 1733 consilio
470 1693 541 1734 usus
568 1676 715 1735 fortunam
742 1675 889 1734 meliorem
922 1674 1032 1734 reddes

89 1765 208 1839 Cibum,
223 1786 310 1843 quem
323 1768 380 1826 tibi
395 1767 483 1826 hodie
496 1768 573 1829 servi
593 1768 754 1841 attulerint,
769 1766 852 1828 iidem
872 1766 954 1841 noli3
974 1786 1035 1827 eres

88 1865 197 1936 autem,
213 1878 250 1919 ne
270 1865 300 1919 te
320 1865 413 1920 eretro
430 1861 566 1939 jungent,
582 1862 662 1921 omni
676 1862 707 1921 vi
720 1861 874 1940 repugns'’
915 1861 973 1921 Bos
993 1861 1033 1938 id,

88 1954 170 2032 quod
204 1954 378 2031 imperatum
405 1959 457 2029 est,
486 1956 563 2015 feeit.
620 1956 664 2015 At
689 1957 831 2034 magister,
860 1956 912 2033 qui
938 1957 1036 2016 omnis

87 2046 251 2124 audiverat,
264 2053 300 2107 ut
312 2048 427 2108 asinum
439 2067 493 2126 pro
506 2048 629 2110 consilio
647 2049 773 2128 puniret,
789 2068 856 2110 eum
875 2053 969 2110 aratro
982 2069 1034 2129 pro

87 2142 166 2202 beve
175 2141 262 2219 jungi
272 2142 370 2219 jussit.

215 2337 283 2402 132.
312 2320 377 2384 The
390 2321 552 2403 Donkey’s
566 2321 693 2387 Advt‘ce
707 2319 916 2407 (continued).

130 2455 263 2532 Vesperi,
274 2455 327 2515 ubi
337 2455 444 2531 asinus,
455 2457 554 2517 labore
564 2458 681 2518 insueto
691 2456 1035 2533 defessus,edstebulum

89 2549 185 2622 rediit,
197 2568 215 2608 e
228 2548 333 2608 semite
343 2550 465 2610 summis
475 2549 613 2610 leudibus
622 2554 756 2628 eeeeptus
765 2555 817 2612 est.
861 2550 919 2612 Ille
928 2559 1033 2630 eutem,

89 2661 179 2722 quem
191 2641 295 2719 prioris
309 2642 423 2702 consilii
437 2643 499 2720 jem
512 2643 689 2720 poenitebat,
704 2644 828 2704 amicum
849 2645 892 2704 ite
910 2648 1033 2709 monuit

92 2739 111 2770 ‘⁸
122 2734 210 2806 Cave,
230 2735 272 2794 mi
292 2735 390 2812 emiee,
412 2755 450 2796 ne
470 2737 551 2796 istud
571 2737 665 2796 otium
685 2737 742 2797 tibi
761 2737 828 2815 plus
849 2757 936 2815 quam
954 2741 1037 2802 leber

90 2827 233 2906 pristinus
246 2834 354 2889 noeeet.
399 2831 502 2906 Nuper
518 2829 605 2903 enim,
622 2830 693 2889 dum
713 2850 751 2890 ex
770 2831 845 2908 egris
864 2833 957 2909 redeo,
972 2853 1037 2896 ues-

89 2927 170 2980 trum
194 2921 295 2980 audivi
318 2922 495 2998 magistrum,
518 2923 570 2999 qui
593 2927 624 2982 te
644 2942 705 2982 eras
724 2925 844 2984 meeteri
859 2926 957 3002 jussit,
978 2930 1036 2989 nisi

91 3033 177 3092 opere
190 3014 276 3073 solito
290 3014 374 3090 fungi
388 3014 484 3074 velles.
528 3014 558 3074 N
560 3019 575 3073 e
589 3020 619 3074 te
632 3017 695 3076 sine
709 3021 794 3077 causi
813 3023 896 3079 tento
908 3020 1036 3097 periculo

91 3105 259 3168 obtuleris.''
301 3107 414 3183 Quibus
435 3108 531 3168 verbis
555 3110 733 3186 perterritus,
754 3111 817 3188 bes,
838 3114 890 3190 qui
909 3115 1037 3177 cultrum

90 3201 246 3262 sacerdotis
257 3203 320 3278 jem
334 3202 431 3260 anime
448 3203 615 3278 praesensit,
629 3203 736 3280 gratias
755 3206 837 3265 esino
850 3226 902 3285 pro
916 3209 1036 3270 oonsilio

91 3294 249 3354 utilissimo
273 3295 340 3372 egit
382 3293 502 3354 Postero
528 3295 620 3372 igitur
642 3296 699 3369 die,
724 3297 778 3356 ubi
804 3299 930 3376 agricole
954 3321 1037 3381 egros

90 3388 198 3448 iterum
218 3406 297 3446 erere
316 3386 420 3460 voluit,
442 3386 494 3447 bos
510 3389 583 3466 juge
603 3406 761 3468 repugnare
781 3408 842 3452 non
861 3411 956 3470 susus,
974 3397 1038 3474 ipse

91 3498 179 3540 suum
192 3479 301 3538 collum
315 3485 409 3539 eretro
423 3480 563 3556 praebuit
