2375 3875
488 213 758 283 ibaneletions.

413 444 480 508 143.
508 426 631 507 Timely
645 428 841 494 Asstktance.

193 547 267 607 Inde
277 545 412 621 Glaucus,
424 564 516 624 quum
525 545 588 622 jam
597 546 635 605 ad
648 546 789 624 oppidum
799 549 1058 628 appropinquaret,
1069 551 1106 609 in

151 644 270 699 nautam
302 640 449 716 quendam
481 640 570 698 altero
604 639 678 716 pede
710 640 848 700 claudum
880 643 995 704 incidit.
1039 644 1105 702 Hic

151 734 264 810 aliquid
277 734 336 792 cibi
348 734 386 793 ab
400 752 434 792 eo
447 733 540 810 petiit
584 731 642 793 Cui
654 751 726 810 puer
739 732 772 791 id
784 734 865 811 quod
876 736 1025 813 reliquum
1038 741 1105 797 erat

151 826 235 903 panis
261 825 352 885 dedit.
394 824 451 883 Hie
478 823 618 884 iaciendis
643 828 760 884 tantum
787 825 847 885 diei
870 834 1101 905 consumpserat

150 924 193 995 ut,
208 920 280 980 dum
293 920 412 979 domum
425 937 463 978 ax
476 918 583 995 oppido
599 919 684 993 redit,
698 923 785 978 nocta
804 938 966 997 oppressus,
980 942 1103 981 cursum

151 1018 248 1073 tenere
260 1031 322 1073 non
334 1016 438 1090 posset,
453 1011 504 1071 sed
524 1030 575 1088 per
594 1012 690 1070 ariam
709 1012 815 1071 eilvam
834 1018 946 1073 erraret
989 1014 1103 1075 Subito

150 1112 247 1167 autem
260 1108 319 1166 duo
332 1106 467 1178 latronea,
482 1104 534 1181 qui
553 1104 586 1163 in
606 1104 681 1163 silva
699 1104 838 1181 latebant,
854 1126 892 1165 ex
904 1106 1022 1167 insidiis
1034 1127 1103 1185 prc-

150 1202 261 1275 eiliunt,
286 1216 475 1278 puerumque
501 1200 618 1273 raptum
641 1200 722 1257 vecte
749 1198 872 1275 spoliare
899 1205 1011 1275 parant
1055 1201 1101 1260 At

151 1294 230 1353 canis
242 1293 345 1366 fidelis,
355 1290 409 1368 qui
422 1290 565 1349 Glaucum
578 1293 675 1347 totum
690 1287 768 1350 diem
780 1295 898 1350 aecutna
910 1296 964 1365 eet,
977 1293 1100 1353 alteriue

149 1387 276 1447 latronic-
294 1404 359 1445 crue
382 1388 444 1442 tam
466 1382 568 1441 acriter
591 1381 755 1458 momordit,
776 1388 812 1442 ut
830 1383 880 1443 hic
899 1404 968 1443 cnm
986 1387 1100 1463 gemitu

149 1499 272 1559 puerum
308 1478 451 1537 liberarat
510 1474 607 1537 Simul
639 1494 699 1535 vox
735 1475 879 1536 horrenda
914 1480 1016 1538 audita
1053 1485 1099 1539 eat

149 1573 309 1647 clamantis,
335 1571 410 1629 “En
429 1570 555 1629 latrones
574 1568 628 1642 illi,
650 1588 723 1645 quoa
742 1569 856 1630 tamdiu
871 1570 947 1630 ferro
966 1572 1098 1651 ignique

149 1666 322 1744 sequimur?
374 1662 438 1737 Qua
464 1680 534 1721 voce
565 1660 660 1721 territi
691 1660 777 1721 ambo
813 1662 1000 1740 diffugerunt
1055 1666 1098 1725 At

151 1760 286 1833 Glaucus,
324 1756 363 1816 ad
405 1754 558 1814 clamorem
598 1771 759 1826 conversus,
798 1760 919 1816 nautam
960 1758 1098 1834 cognorit

150 1851 296 1925 claudum,
307 1866 395 1927 quem
408 1865 508 1907 caecus
521 1846 572 1905 ille
583 1864 623 1904 ex
635 1845 764 1905 humeris
776 1847 918 1923 portabat
961 1850 1007 1909 Hi
1018 1850 1097 1911 enim

151 1948 188 2006 de
211 1945 339 2005 consiliis
365 1942 512 2001 latronum
533 1939 666 1999 certiores
690 1939 760 1999 facti
781 1945 911 2018 ternpore
932 1949 1098 2020 opportune

151 2038 281 2100 subsidio
295 2041 445 2096 venerunt.

392 2170 460 2234 144
480 2151 547 2217 The
560 2151 762 2216 Ill-naturaei
771 2152 848 2234 ch.

191 2274 282 2335 Haud
314 2272 415 2353 procul
442 2272 479 2331 ab
506 2290 540 2331 eo
567 2270 631 2330 loco
658 2269 810 2329 habitabat
836 2290 910 2349 puer
935 2276 1097 2353 improbus,

150 2369 269 2436 nemine
287 2367 320 2428 N
320 2385 375 2428 aro.
418 2365 477 2424 Hic
497 2364 576 2436 olim,
591 2362 662 2422 dum
682 2381 733 2439 par
752 2381 834 2439 agree
849 2371 983 2442 vagatur,
996 2387 1099 2430 canem

151 2483 238 2524 auum
249 2462 287 2521 ad
299 2478 369 2521 ovea
381 2459 521 2537 quaedam
534 2455 688 2528 vexandas,
705 2473 778 2531 quae
791 2455 825 2514 in
840 2463 925 2535 prate
944 2462 1099 2536 peccem.

151 2563 209 2632 tur,
235 2552 377 2614 incitavit
422 2551 486 2626 Quo
513 2548 681 2630 perterritae
707 2567 808 2608 ornnes
834 2549 1035 2628 diffugerunt:
1067 2563 1098 2617 at

152 2651 224 2711 aries
249 2665 379 2726 magnus,
404 2645 467 2705 dux
492 2644 594 2722 gregis,
617 2642 661 2701 ira
681 2647 786 2719 metue,
806 2661 900 2703 cornu
926 2645 971 2706 ita
997 2649 1099 2712 acriter

152 2762 252 2804 canem
264 2742 358 2820 petiit,
372 2743 408 2799 ut
420 2739 445 2798 ia
458 2738 578 2798 claudus
591 2735 751 2812 tristisque
764 2735 802 2794 ed
814 2736 970 2798 dominum
982 2742 1097 2806 rediret

152 2839 231 2898 Nero
244 2841 349 2909 autem,
364 2852 456 2910 quum
475 2832 562 2909 paulo
586 2829 702 2905 longius
714 2828 752 2888 ab
765 2847 800 2888 eo
819 2828 883 2888 loco
903 2836 1098 2914 processisset,

151 2947 256 3008 parvae
269 2927 381 3006 puellae
395 2926 526 3000 occurrit,
539 2941 613 3000 quae
633 2921 840 2996 mulctrariunr‚
854 2923 943 2984 niveo
956 2925 1035 2988 laete
1047 2931 1100 2992 im.

151 3021 271 3099 pletum,
295 3038 409 3082 nummo
436 3018 529 3094 capite
553 3013 696 3094 portabat.
748 3015 833 3074 Hanc
855 3035 930 3092 puer
951 3021 1100 3100 maligna„

150 3113 259 3176 salvere
279 3115 376 3196 jussit
429 3110 556 3186 Deinde,
581 3125 673 3184 quum
685 3105 738 3166 illa
749 3108 952 3185 praeteriiaeet,
967 3112 1020 3173 hio
1035 3136 1100 3180 con·

151 3227 258 3285 verane,
273 3213 337 3290 ejus
356 3206 488 3283 vestigiis
507 3205 654 3282 ingressus
667 3204 719 3260 est.
764 3199 901 3278 Denique
916 3204 1021 3267 nrbitc
1039 3209 1101 3274 ictu

149 3301 349 3364 mulctrarium
362 3298 537 3373 deturbavit,
550 3300 580 3356 at
592 3292 718 3368 vultum,
730 3290 857 3368 capillos,
869 3299 994 3371 vectem,
1005 3305 1099 3366 totum

151 3413 253 3470 eorpus
265 3395 391 3456 infelicia
405 3390 519 3470 puellae
532 3390 608 3448 lacte
620 3383 781 3446 madefecit
