2375 3875
414 298 688 369 Translations.

314 556 366 625 97.
393 542 609 626 chGuards
622 541 794 631 outwitted

121 674 276 752 Henricus,
285 696 337 754 rex
350 678 564 753 Britannorum,
575 679 629 756 qui
641 698 708 739 cnm
720 677 834 738 civibus
846 674 1022 745 turbulentis

76 766 191 827 bellum
214 770 340 847 gerebat,
360 771 455 833 filium
475 790 561 831 suum
580 770 724 848 equitatui
743 770 921 848 praefecerat
964 770 1022 830 Hic

77 864 187 935 temen,
201 862 319 937 juvenis
332 882 403 938 acer,
418 864 497 942 quod
510 862 658 939 equitibus
676 863 805 923 hostium
826 862 923 923 effusis
937 862 1022 922 auda·

75 953 141 1012 cius
162 953 316 1031 institerat,
330 956 450 1016 tandem
469 961 570 1035 captus
590 961 636 1016 ast
654 956 692 1015 ab
705 956 848 1016 hostibus.
889 955 1022 1016 Victores

75 1051 177 1105 eutem
190 1047 243 1123 qui
254 1048 370 1126 captiuo
383 1049 522 1110 volebant
540 1048 699 1127 indulgere,
714 1068 780 1109 enm
799 1048 935 1108 sinebmt
953 1067 1022 1125 quo·

75 1139 152 1197 tidie
173 1158 240 1200 cum
262 1142 362 1218 paucis
384 1142 554 1202 custodibus
580 1141 614 1199 in
637 1160 711 1218 equo
734 1140 812 1201 vehi.
853 1140 1022 1217 Aliquando

76 1232 215 1292 custodes
228 1234 313 1310 jussu
326 1234 465 1311 principis
484 1234 562 1294 inter
574 1252 606 1293 se
618 1253 703 1295 cursu
717 1252 856 1310 equorum
869 1234 1022 1294 contende·

75 1326 159 1385 bant
201 1326 332 1386 Tandem
350 1332 504 1403 postquam
531 1326 600 1403 equi
619 1327 750 1385 omnium
770 1345 855 1386 cursu
875 1330 905 1385 et
924 1325 1022 1385 labore

75 1418 205 1477 confecti
235 1423 313 1495 sunt,
342 1419 484 1497 princeps,
513 1419 564 1495 qui
590 1437 609 1476 a
634 1417 789 1477 certamine
816 1418 853 1477 de
879 1418 1023 1478 industria

75 1511 252 1585 abstinebat,
276 1510 375 1586 “En'’
402 1511 509 1589 inquit,
533 1510 643 1570 “vobis
662 1529 773 1570 novum
793 1516 936 1570 certamen
959 1530 1022 1588 pro

75 1604 184 1681 pono.'’
224 1604 301 1665 Cum
313 1602 465 1664 hisverbia
478 1622 586 1681 equum
605 1603 750 1684 integram
770 1602 913 1677 incitavit,
927 1604 1021 1663 celeri-

74 1702 179 1774 terque
192 1716 209 1757 e
221 1701 379 1775 conspectu
390 1697 520 1759 hostium
532 1696 673 1758 fessorum
686 1696 725 1757 ad
736 1697 844 1757 amicos
853 1700 954 1759 vectus
967 1704 1017 1757 est

441 1879 493 1960 98.
514 1876 546 1942 A
564 1876 655 1942 Foul.
719 1890 722 1895 ·

116 2009 265 2070 Romanus
278 2011 350 2071 olim
362 2030 430 2076 cum
443 2009 557 2071 duobus
577 2010 694 2072 Graecis
713 2030 799 2072 cursu
813 2011 1019 2076 ⁴contendebat

73 2108 139 2168 Ubi
152 2107 268 2185 signum
281 2109 382 2168 datum
395 2111 447 2183 est,
459 2127 559 2169 omues
571 2108 679 2186 pariter
691 2128 708 2170 e
720 2109 880 2169 carceribus
893 2109 1017 2172 evolent

73 2202 150 2261 Mox
163 2205 262 2261 tamen
274 2221 351 2261 nnus
364 2223 381 2262 e
394 2202 519 2278 Graecis,
534 2203 586 2280 qui
600 2201 743 2263 celeritate
756 2202 865 2280 mdurn
877 2207 1020 2282 praestan·

72 2295 132 2354 tior
152 2292 218 2370 fuit,
234 2299 342 2354 ceteros
360 2295 521 2373 superabat
564 2295 644 2354 Huic
666 2294 780 2356 modico
801 2295 956 2356 intervallo
976 2297 1019 2356 in·

70 2384 196 2445 sistebat
218 2385 377 2460 Romanus,
397 2406 484 2466 quem
511 2388 648 2448 acerrimo
674 2405 761 2446 cursu
787 2392 870 2464 urget
894 2388 1020 2449 Graecus

72 2477 155 2540 alter.
197 2479 333 2557 Jamque
346 2480 399 2539 ubi
411 2481 467 2540 sub
480 2480 578 2558 ipsum
590 2481 679 2552 finem
692 2480 895 2554 adveniebant,
909 2482 1020 2558 primus

72 2576 257 2651 Graecorum,
272 2577 325 2654 qui
347 2577 499 2638 victorium
522 2595 574 2655 pro
596 2582 674 2636 carto
696 2577 809 2651 hebuit,
823 2578 921 2637 minus
937 2584 1020 2638 ceute

72 2670 216 2732 currebat
268 2671 326 2730 Ille
353 2675 451 2732 autem
477 2670 589 2730 lubrico
616 2671 745 2748 gramine
768 2669 858 2730 falsus
884 2690 1021 2751 praeceps

70 2763 192 2824 decidit.
234 2762 310 2823 Tum
323 2765 402 2840 quod
415 2764 478 2841 ipse
491 2765 652 2841 praemium
664 2767 808 2841 reportare
828 2782 890 2823 non
913 2767 1018 2844 potuit,

71 2855 159 2916 amici
172 2855 253 2916 haud
265 2856 424 2930 immemor,
439 2875 500 2916 sese
513 2856 650 2935 opposuit
665 2856 797 2916 Romano
816 2860 1018 2933 praetereunti,

71 2947 125 3025 qui
144 2947 273 3008 invicem
295 2946 339 3007 ad·
355 2953 460 3008 terrem
483 2946 655 3026 provolutus
675 2951 726 3008 est
770 2947 874 3028 Itaque
894 2949 1020 3010 Graecas

71 3041 146 3102 alter
159 3058 231 3100 voce
244 3039 377 3100 omnium
389 3039 483 3100 victor
496 3045 541 3100 est
554 3039 725 3118 appellatus

304 3269 356 3335 99.
378 3253 410 3316 Α
428 3251 612 3336 Disguised
621 3253 791 3318 Monarch.

112 3389 135 3450 J
134 3388 250 3462 acobus,
262 3407 313 3448 rex
324 3385 485 3461 Scotorum,
496 3387 543 3447 vir
551 3387 650 3465 gloriae
662 3389 798 3450 militaris
811 3391 923 3466 avidus,
935 3412 1019 3472 saepe

72 3485 137 3541 sine
157 3480 219 3539 ullo
241 3481 346 3538 comite
366 3479 486 3552 errabat,
502 3484 582 3538 veste
602 3499 669 3539 suaa
682 3481 815 3540 fortunae
829 3483 964 3543 dissimili
977 3487 1019 3543 in-
