2375 3875
417 276 690 345 translations

265 598 316 666 93.
346 581 411 647 lee
423 580 636 647 Bloodleound
647 578 853 665 (continued).

122 738 189 799 Rex
207 740 313 811 tamen,
335 736 388 814 qui
406 733 511 795 ldviter
530 734 699 808 dormiebat,
716 752 818 795 somno
837 732 989 808 excitatus,
1007 754 1026 794 e

81 832 157 891 leeto
181 829 316 908 prosiluit
335 834 366 888 et
384 833 539 907 postquem
562 828 698 888 eomitem
717 828 875 902 suscitavit,
896 828 1025 905 gladium

81 924 246 985 destrinxit
290 923 385 989 Atrox
407 922 477 981 inde
500 925 646 983 oertemen
666 921 775 981 faotrm
798 926 850 995 est,
872 940 926 984 rex
945 922 1026 981 enim

80 1022 179 1098 gladio
202 1039 296 1079 unum
320 1039 336 1079 e
359 1019 520 1079 latronibus
546 1018 711 1094 transfixit3
739 1023 771 1078 at
794 1036 889 1078 eomes
909 1018 1024 1093 infelix,

79 1115 180 1174 subito
200 1113 313 1191 impetu
335 1112 529 1190 perturbatus,
551 1131 568 1171 a
588 1112 750 1172 latronibus
776 1111 945 1171 interfeetne
972 1116 1023 1171 est

80 1210 159 1269 Tum
179 1227 231 1267 rex
250 1207 295 1266 iri
313 1210 344 1265 et
363 1206 462 1265 dolore
480 1205 626 1280 ineensue,
639 1206 719 1283 quod
738 1204 868 1283 gladium
881 1225 897 1264 e
910 1223 1027 1282 corpore

79 1302 204 1362 latronis
230 1299 376 1361 interfecti
402 1298 552 1360 detrahere
578 1317 639 1358 non
665 1303 787 1377 poteret,
815 1299 877 1359 fuae
902 1297 1025 1374 ardenti,

80 1415 171 1473 quem
197 1414 214 1454 e
240 1394 304 1455 foco
331 1392 517 1470 corripuerat,
540 1392 659 1451 alteriue
685 1392 806 1453 latronis
827 1396 916 1470 eaput
938 1390 1024 1451 elisit

80 1490 170 1567 Quod
203 1489 256 1548 ubi
288 1487 372 1549 videt
403 1486 516 1563 tertius,
549 1490 643 1545 morte
675 1485 816 1547 comitum
848 1486 1026 1564 perterritus,

80 1586 183 1661 fugem
203 1581 338 1643 tentarit.
380 1580 412 1640 N
412 1600 444 1640 eo
464 1585 563 1641 umen
582 1599 600 1639 e
619 1579 747 1658 perieulo
767 1579 1028 1653 evaeit‚1exenim

77 1682 143 1755 jem
163 1680 290 1735 armatus
316 1674 421 1751 gladio,
443 1693 502 1751 quo
525 1674 651 1734 oeoisum
674 1674 818 1735 letrouem
842 1672 1027 1752 spoliaverat,

79 1773 198 1831 hostem
210 1769 371 1847 fugientem
386 1768 503 1833 mortali
515 1767 638 1831 vulnere
650 1767 782 1829 oouieoit

308 2119 319 2134 -
400 2096 452 2163 94
474 2077 506 2143 Α
524 2079 633 2144 Looer
645 2081 713 2146 lost.

125 2248 214 2322 Gelli,
248 2247 300 2326 qui
334 2245 483 2306 audaciam
516 2247 637 2308 maximi
671 2246 872 2323 aestimabant,
906 2246 1031 2308 imarum

83 2342 292 2405 oertaminibue
304 2340 431 2400 multum
444 2338 670 2401 delectabantur.
713 2340 882 2418 Aliquando
899 2359 951 2400 rex
965 2359 1032 2400 eum

83 2439 192 2514 magni
217 2437 331 2494 eutem
357 2433 501 2493 nobilium
528 2434 752 2514 mulierumque
778 2433 920 2493 olamrum
946 2433 1033 2494 ludos

84 2531 221 2591 solennes
234 2526 398 2606 aspiciebat
442 2527 590 2602 Quaedam
611 2547 649 2587 ex
667 2527 724 2603 bie,
741 2546 814 2605 quae
834 2527 934 2606 spousi
954 2527 1034 2588 forti·

84 2623 221 2684 tudinem
230 2624 343 2680 tentare
352 2618 456 2695 voluit,
471 2639 589 2680 aureum
599 2624 732 2699 torquem
743 2621 849 2698 dejecit
860 2621 895 2680 in
907 2620 1033 2681 medimn

85 2733 210 2788 umam,
236 2717 294 2792 qut
316 2713 362 2773 leo
386 2713 489 2790 ingene
513 2731 580 2773 eum
605 2714 720 2774 duobus
742 2714 867 2792 tigribus
889 2719 1034 2775 certamen

86 2807 257 2869 acerrimum
270 2806 379 2883 egebat
424 2806 497 2866 “Tu
509 2805 655 2884 quidem,'’
669 2806 776 2884 inquit,
792 2807 846 2867 “ei
859 2807 932 2885 quid
951 2808 985 2867 in
1004 2813 1034 2868 te

85 2902 194 2964 residet
220 2899 325 2964 amoris
353 2917 420 2976 erge
446 2918 501 2975 me,
525 2903 659 2977 torquem
685 2900 761 2959 mihi
787 2919 804 2959 e
830 2900 899 2961 ferie
926 2901 1032 2980 eripe!

87 2996 196 3059 Statim
213 2994 332 3073 juvenis
352 2993 399 3053 his
412 2994 509 3054 verbis
529 3013 675 3070 aecensus,
688 2995 723 3056 in
742 3015 858 3056 arenam
878 3015 909 3056 ee
929 2997 1035 3075 praeei-

87 3089 213 3167 pitavit3
233 3087 311 3147 saltu
331 3086 418 3146 alacri
438 3091 571 3164 torquem
589 3089 688 3165 rapuit
696 3108 707 3161 ς
726 3093 809 3148 tutus
828 3108 896 3148 oum
908 3091 1036 3168 praemio

88 3182 182 3243 rediit
224 3180 300 3240 Tum
319 3177 380 3255 ills,
394 3179 466 3239 dum
486 3199 586 3240 omnes
599 3180 709 3241 foetum
725 3181 880 3260 plaudunt,
895 3201 962 3242 eum
975 3184 1036 3244 risu

89 3273 354 3353 adpedeerirginis
365 3272 489 3333 erudelis
497 3277 630 3351 torquem
640 3275 769 3352 projecit
815 3274 881 3335 “Tu
892 3277 1037 3355 quidem‚”

88 3369 194 3446 inquit,
223 3370 340 3428 “meam
360 3365 452 3427 vitam
469 3365 585 3426 minimi
606 3367 750 3442 habuisti;
780 3387 833 3446 ego
853 3373 938 3429 tuum
961 3389 1036 3431 amo

88 3462 176 3522 remu„

133 3565 271 3613 aseneum]
586 3557 611 3605 ἶ
