2375 3875
402 258 676 325 Translations.

226 488 302 569 107,
315 474 348 539 A
365 473 471 539 Hard
481 470 854 565 Bargointcontinuca').

106 592 183 654 Inde
205 612 322 671 pauper,
333 592 424 671 justis
443 591 618 653 funebribus
637 591 814 669 perfunctus,
830 589 909 668 quod
921 590 1009 651 fidam

66 686 166 748 datam
179 687 288 747 violare
300 684 406 762 noluit,
421 702 474 764 per
486 685 557 744 duas
570 689 671 744 noctes
690 684 853 762 sepulcrum
871 683 1008 768 agricolae

67 772 258 843 custodiebat.
310 778 408 839 Tertia
430 784 529 840 tamen
555 783 640 838 nocta
668 774 750 837 Mors
776 778 841 857 ipsa
867 779 1005 856 apparuit,

67 874 185 935 funebri
198 878 279 936 veste
292 874 405 948 induta,
415 877 445 933 et
454 870 557 950 eorpus
567 872 625 932 sibi
638 872 715 932 tradi
724 872 820 949 jussit.
861 871 894 931 Is
903 878 1004 950 autern

69 972 124 1030 atsi
145 971 245 1049 capilli
265 990 333 1048 prae
352 973 433 1029 metu
452 966 634 1043 horruerunt,
656 968 790 1046 promissi
811 987 872 1028 non
891 969 1005 1051 oblitus,

68 1064 197 1124 Mortem
210 1065 253 1124 ita
265 1063 408 1123 allocutus
427 1066 478 1122 cst.
522 1065 540 1094 “
551 1062 704 1139 Equidem,
719 1061 809 1135 Mors,
822 1061 878 1122 hoc
891 1063 1008 1123 cadaver

68 1156 126 1217 tibi
140 1158 292 1217 concedam
305 1177 313 1231 ;
333 1160 432 1233 repeto
442 1160 540 1215 tamen
553 1174 606 1232 pro
618 1156 671 1214 tali
684 1174 803 1215 munere
809 1159 925 1215 tantum
938 1158 1005 1232 auri,

68 1256 213 1329 quantum
226 1270 262 1310 ex
275 1250 348 1311 mais
366 1249 515 1309 cothurnis
535 1249 657 1307 altarum
677 1248 889 1326 compleverit.”
930 1249 1007 1311 Mors

68 1364 130 1405 non
157 1344 268 1422 respuit
294 1340 499 1403 conditionem.
564 1342 640 1402 Inda
667 1341 738 1401 dum
764 1342 833 1402 haec
860 1344 1008 1423 pecuniam

68 1438 195 1515 arcessit,
209 1436 260 1497 illa
272 1438 367 1498 cultro
380 1437 473 1497 imum
492 1436 667 1496 cothurnum
686 1436 819 1514 perforat.
862 1436 951 1496 Haud
971 1439 1012 1497 ita
1104 1460 1107 1466 ’

69 1532 164 1592 multo
191 1535 266 1610 post,
294 1530 375 1591 Mors
402 1549 535 1609 regressa,
563 1548 749 1590 nummorum
775 1549 898 1605 saecum,
926 1550 1012 1607 quem

69 1624 236 1704 reportavit,
251 1625 284 1684 in
297 1624 472 1685 cothurnum
486 1624 595 1686 effudit.
638 1622 747 1684 Mirata
759 1624 839 1701 quod
854 1623 1011 1685 cothurnus

68 1718 203 1779 nondum
226 1717 386 1795 completus
406 1722 458 1792 est,
480 1716 604 1777 alterum
623 1736 738 1777 saccum
761 1717 855 1796 priora
874 1720 1012 1794 majoram

69 1812 226 1873 arcessivit
268 1810 398 1870 Tandem
410 1814 564 1889 postquam
580 1830 618 1869 na
637 1810 685 1870 hic
699 1811 818 1887 quidam
838 1809 1013 1871 cothurnum

69 1906 213 1984 complere
226 1904 327 1980 valuit,
342 1903 414 1964 dum
429 1905 548 1964 tertium
561 1923 676 1965 saecum
689 1904 813 1980 arcessit,
830 1904 889 1964 sole
903 1905 1014 1967 oriente

69 2006 199 2077 excepta,
215 1997 372 2059 necessario
386 1998 484 2075 fugere
497 2002 595 2057 coacte
608 2003 659 2060 ast.

305 2163 373 2228 108.
406 2159 485 2226 leo
499 2161 601 2226 killed
611 2160 664 2226 tiu
679 2160 786 2230 Cock?

111 2287 197 2347 Anus
223 2283 371 2362 quaedam,
398 2301 472 2360 quae
497 2281 579 2342 haud
605 2281 706 2359 procul
732 2279 855 2342 Tarento
882 2282 919 2342 ab
942 2283 1013 2344 urbe

69 2378 223 2452 habitavit,
240 2395 306 2436 suas
319 2375 439 2435 ancillas
452 2374 491 2435 ad
509 2375 579 2452 galli
596 2379 714 2456 cantum
733 2393 750 2433 e
769 2394 870 2435 somno
890 2377 1013 2451 excitare

70 2471 191 2534 solebat.
234 2469 299 2529 Hae
312 2468 401 2546 igitur
415 2467 494 2545 quod
508 2487 525 2528 a
537 2468 631 2546 primi
643 2468 708 2528 luca
721 2487 813 2544 usqua
831 2469 871 2527 ad
884 2489 1012 2529 occasum

70 2567 141 2628 solie
167 2563 295 2623 laborem
322 2563 464 2622 sustinere
491 2565 605 2621 coactae
631 2566 709 2644 sunt,
738 2561 848 2639 gallum
874 2563 1012 2623 malorum

71 2678 187 2720 carrsam
212 2656 340 2716 occidere
363 2655 583 2716 constituerunt
626 2653 746 2714 Postero
770 2656 859 2732 igitur
885 2656 933 2715 die
960 2657 1013 2716 sub

70 2769 234 2830 vesperum,
255 2749 326 2808 dum
346 2748 435 2808 altera
458 2748 545 2825 pedes
566 2747 638 2825 galli
660 2752 782 2826 utraque
801 2768 891 2808 manu
911 2751 1015 2808 retinet

70 2849 210 2919 aversata,
236 2841 334 2917 altera,
359 2833 432 2919 quae
462 2841 550 2917 paulo
585 2841 719 2922 audacior
745 2842 811 2917 fuit,
839 2849 927 2921 caput
954 2845 1016 2903 avis

71 2939 199 3002 infelicis
212 2935 304 2998 securi
317 2933 465 3014 percussit.
508 2932 546 2994 Id
560 2938 658 2994 tamen
671 2934 756 3012 longe
774 2935 858 2996 aliter
873 2937 970 2997 evenit
984 2956 1017 2995 ao

71 3025 229 3113 putabant
267 3029 426 3108 Postquam
446 3027 524 3088 anim
543 3027 638 3105 gallus
657 3027 918 3112 interiectuslerat,
934 3051 1016 3105 anus,

71 3148 146 3206 quae
157 3125 196 3185 ad
209 3123 241 3184 id
256 3128 370 3200 tempus
381 3125 499 3183 cantum
510 3122 572 3198 ejus
583 3121 728 3198 patienter
737 3128 887 3200 expectare
897 3124 1016 3200 solebat,

71 3220 202 3294 ancillas,
214 3235 293 3276 nuno
306 3213 402 3274 media
415 3218 509 3287 nocte,
521 3233 599 3273 nunc
613 3214 706 3291 prima
716 3214 789 3289 luca,
801 3236 911 3294 semper
921 3223 1018 3278 tarnan

72 3311 214 3376 matruiue
228 3330 315 3390 quam
328 3313 424 3381 antea,
437 3326 453 3366 a
471 3325 572 3367 somno
586 3309 732 3368 excitavit
775 3309 909 3368 Ancillae
922 3311 1018 3388 igitur,

73 3428 145 3487 quaa
167 3406 210 3466 ita
229 3423 260 3463 sa
276 3399 446 3472 fefellerant,
469 3419 520 3476 pro
541 3404 623 3458 tanto
644 3398 770 3459 facinore
791 3402 893 3479 dignas
913 3421 1021 3480 poenas

74 3500 281 3584 persolverunt.
