2375 3875
512 257 784 326 Translationa.

379 649 446 716 147.
476 634 541 698 The
555 635 678 699 Attack
692 655 732 699 on
748 634 799 697 tlte
816 635 927 700 Castle.

217 800 371 878 Spartacus
390 803 460 861 olim
487 803 622 880 princeps
649 822 748 862 aarum
774 801 914 878 gentium,
941 821 1015 878 quae
1041 808 1127 860 trans

178 893 315 953 Rhenum
347 894 527 966 habitabant,
556 914 691 972 magnam
725 894 829 952 turrim
863 893 944 952 haud
977 892 1080 970 procul
1106 913 1126 950 a

177 986 296 1046 flumine
308 987 515 1048 aedificaverat.
557 987 634 1046 Inde
652 1006 719 1046 cum
738 987 799 1045 suis
819 985 962 1044 militibus
982 985 1124 1060 plurimas

177 1080 354 1140 incursiones
377 1081 410 1140 in
434 1100 515 1157 agros
534 1081 675 1140 finitimos
694 1079 787 1152 facere
807 1079 911 1138 solitus
931 1083 983 1148 est,
1004 1081 1040 1135 ut
1059 1078 1124 1153 igni

176 1173 318 1248 ferroque
330 1173 428 1232 omnia
441 1177 573 1232 vastaret
617 1173 712 1248 Quam
725 1172 763 1232 ob
781 1191 841 1230 rem
861 1187 1000 1246 magnum
1020 1169 1123 1228 odium

177 1264 336 1323 incolarum
359 1265 440 1323 urbis
463 1265 606 1324 finitimae
627 1269 799 1341 susceperat
841 1263 885 1322 Hi
905 1262 1003 1338 igitur,
1029 1281 1122 1338 quum

176 1355 297 1432 injurias
319 1357 399 1415 illius
422 1376 483 1415 non
506 1357 619 1417 diutius
639 1357 760 1416 tolerare
781 1361 908 1432 possent,
933 1355 1063 1414 universi
1089 1356 1122 1412 in

175 1467 272 1508 muros
291 1448 433 1525 impetum
445 1450 583 1510 fecarunt
626 1450 690 1508 Diu
710 1454 740 1508 at
760 1450 863 1508 acriter
882 1453 1046 1524 pugnatum
1067 1454 1117 1507 est

176 1542 303 1601 Tandem
316 1543 457 1620 princeps,
472 1544 551 1620 quod
565 1547 729 1602 commeatu
743 1543 863 1600 omnino
876 1542 1051 1600 interclusus
1066 1548 1119 1613 est,

176 1634 285 1711 legatos
302 1636 341 1694 ad
360 1654 409 1694 eos
433 1636 469 1694 de
493 1635 641 1695 deditione
665 1636 752 1694 misit.
797 1635 895 1710 Quum
918 1639 1017 1693 tamen
1041 1635 1120 1695 cives

176 1727 242 1786 irati
262 1747 362 1804 pscem
382 1728 450 1787 dare
469 1729 581 1788 vellent
593 1734 628 1788 ea
647 1729 734 1788 modo
755 1728 929 1800 conditione,
943 1733 979 1786 ut
997 1729 1062 1804 ipse
1083 1730 1120 1786 ad

175 1820 351 1898 supplicium
365 1821 532 1895 traderetur,
547 1823 645 1896 ignem
659 1822 732 1882 turri
747 1821 899 1881 admovere
912 1821 1075 1893 constituit,
1091 1829 1120 1879 et

175 1930 237 1972 sese
249 1931 368 1990 suaque
380 1915 478 1973 omnia
491 1914 626 1977 incendio
639 1933 814 1975 consumme.

265 2248 333 2327 148.
360 2245 426 2309 lee
445 2246 476 2309 Α
481 2247 566 2309 ttack
579 2268 620 2311 oo
643 2246 694 2309 tlte
711 2246 816 2312 Costle
830 2247 1036 2331 (continued),

216 2419 301 2493 Quod
314 2420 367 2477 ubi
381 2421 516 2495 cognovit
530 2438 604 2477 uxor
624 2418 764 2495 Spartaci,
778 2420 887 2479 femina
907 2440 1037 2479 summas
1054 2441 1119 2481 oon-

175 2511 306 2583 stantiae,
328 2511 389 2570 sols
412 2511 523 2571 vallum
550 2512 708 2573 ascendere.
728 2531 797 2571 ausa
820 2518 864 2573 est
890 2532 957 2571 oum
985 2513 1120 2574 hostibus
1173 2546 1174 2571 3

176 2603 359 2680 colloquendi
384 2608 478 2664 causa
523 2604 676 2677 “Nolite''
703 2604 809 2681 inquit,
833 2606 939 2665 “cives
958 2608 1117 2681 victoriam,

174 2715 263 2773 quam
275 2697 480 2773 reportavistis,
496 2697 578 2757 clade
591 2698 716 2758 sominae
730 2698 881 2757 defamata.
924 2698 1004 2759 Mihi
1017 2701 1118 2759 saltem

175 2788 261 2847 liceat
274 2808 290 2848 e
303 2790 376 2847 turri
388 2789 534 2848 discedam
550 2810 618 2849 oum
638 2808 671 2849 oo
692 2790 787 2864 modo,
802 2790 882 2867 quod
898 2792 971 2849 meis
991 2792 1118 2851 humeris

175 2888 287 2958 portare
311 2881 444 2958 possim''
485 2883 562 2941 Inde
585 2883 672 2957 cives,
694 2883 773 2959 quod
794 2885 831 2943 ab
851 2884 902 2943 illa
922 2884 1015 2944 multa
1035 2886 1117 2945 bene·

176 2975 241 3033 ficia
266 2980 441 3051 acceperant,
463 2975 504 3051 id,
529 2976 608 3052 quod
635 2976 731 3053 petiit,
755 2976 882 3037 libenter
907 2987 1115 3038 concesserunt

176 3068 263 3126 Brevi
277 3074 382 3140 autom,
394 3070 465 3127 dum
479 3088 579 3128 omnes
588 3068 749 3128 adventum
760 3072 822 3146 ejus
833 3076 997 3147 expectant,
1010 3078 1117 3148 aperti

176 3160 317 3236 patefacta
331 3161 448 3236 aginesi,
464 3162 573 3220 femina
586 3162 670 3221 iortis
683 3162 721 3221 ad
738 3169 832 3222 castra
850 3164 980 3222 hostium
1001 3167 1116 3224 accessit
1171 3204 1172 3246 ,

175 3272 242 3311 oum
268 3255 398 3328 conjuge,
427 3272 513 3328 quem
540 3254 573 3313 in
601 3255 737 3313 humeros
763 3256 948 3315 sublevatum
975 3248 1114 3333 portabat.

177 3343 250 3399 Inde
270 3344 348 3401 cives
369 3342 508 3402 virtutem
527 3346 654 3404 feminae
673 3348 780 3419 mirati,
801 3348 880 3423 quod
903 3348 993 3407 fidem
1021 3349 1117 3407 datam

177 3432 284 3489 violare
299 3432 464 3503 noluerunt,
481 3439 511 3491 et
524 3437 642 3509 conjugi
656 3442 686 3494 et
699 3438 783 3494 uxori
796 3444 993 3513 pepercerunt.
