2375 3875
497 273 770 343 lbamlatione.

338 591 488 681 emens
509 590 597 680 roa
616 612 931 680 rememorem.

298 740 371 848 ⁴101.
399 782 465 847 To
483 780 819 866 Tmmpeterandthe
830 784 969 866 menae

202 930 397 992 Inveniuntur
419 930 452 989 in
471 930 572 1015 Africi
593 930 671 989 ferae
693 929 834 1007 plurimae
853 949 887 990 ac
909 930 1106 1007 eaevieaimae,

162 1044 236 1103 quaa
254 1028 344 1085 noctu
356 1027 475 1101 vagatae
494 1023 583 1083 borea
603 1027 788 1103 armentaque
806 1024 932 1101 rapiunt,
947 1024 1107 1100 aliquunde

132 1192 135 1199 .
162 1116 406 1178 etiamhomince
433 1112 610 1179 bddriuntur.
671 1115 751 1175 Olim
777 1115 849 1175 dum
874 1116 1012 1175 Britanni
1037 1136 1107 1178 cnm

160 1211 242 1271 Afric
269 1210 381 1269 bellum
406 1212 519 1286 gerunt,
548 1208 668 1269 tubicen
693 1208 822 1285 quidam,
849 1209 919 1269 vino
946 1214 977 1269 et
1003 1228 1106 1287 eopore

161 1321 321 1382 oppreeene,
347 1304 428 1360 extra
450 1300 571 1371 vallum
584 1301 720 1360 incantus
743 1301 911 1361 dormiebat
965 1300 1107 1362 Celeriter

161 1401 198 1460 ad
211 1399 308 1458 locum
320 1402 518 1457 convenerunt
530 1397 691 1475 complures
703 1396 842 1475 hyaenae,
856 1397 932 1457 fame
951 1398 990 1457 ad
1011 1403 1106 1459 caetm

160 1492 310 1565 adductae,
331 1488 536 1567 hominemque
555 1508 608 1567 pro
627 1495 741 1550 mortno
760 1490 799 1550 ad
817 1490 915 1565 eilvue,
930 1510 1003 1568 qnae
1022 1490 1105 1551 haud

160 1584 261 1663 procul
287 1583 414 1658 aberant,
443 1587 602 1643 traxerunt.
644 1583 708 1643 Ubi
730 1585 793 1660 jam
823 1584 911 1661 depae
937 1585 1105 1660 incepturae

160 1684 238 1753 eunt,
252 1676 381 1753 tubicen,
396 1676 493 1736 cubito
514 1696 530 1736 e
550 1696 652 1737 somno
671 1681 863 1755 experrectus,
876 1676 947 1737 fecit
965 1676 1009 1752 ie,
1022 1678 1104 1753 qnod

25 1824 29 1847 ,
161 1773 305 1851 optimum
314 1775 375 1831 erat
388 1789 441 1848 pro
449 1774 532 1831 tanto
545 1770 682 1848 periculo,
693 1789 762 1831 nam
773 1770 855 1831 lubra
863 1771 950 1830 tubae
960 1772 1104 1833 adhibena

161 1867 321 1946 clangorem
341 1884 429 1943 quam
447 1864 607 1925 maximum
626 1864 728 1926 edidit
770 1864 835 1942 Quo
854 1865 979 1943 atrepitu
997 1870 1103 1944 perter-

160 1962 233 2021 ritae
244 1960 374 2038 hyaenae
394 1959 580 2036 diffugerunt
594 1958 800 2036 hominemque
817 1958 963 2037 integrum
982 1960 1104 2038 quidem

164 2054 216 2115 eod
228 2058 336 2115 terrore
348 2052 556 2113 aemi-animem
568 2052 755 2129 reliquerunt

447 2296 515 2346 102.
542 2278 608 2344 Tlu
621 2281 704 2346 Lost
719 2277 822 2348 child
842 2365 846 2372 Ι

205 2436 245 2496 In
269 2433 371 2494 Africi
396 2431 497 2511 procul
523 2431 561 2491 ab
586 2431 649 2491 ullo
676 2431 784 2511 oppido
810 2431 956 2493 habitavit
982 2434 1108 2512 agricola

166 2529 292 2608 qnidam,
306 2527 355 2586 cui
368 2528 450 2585 erant
462 2523 598 2584 undecim
611 2524 703 2586 liberi.
744 2524 792 2584 Ex
811 2523 859 2585 hie
876 2525 1020 2586 maximoe
1033 2532 1106 2588 natu

166 2642 234 2684 oves
251 2622 284 2680 in
302 2618 453 2679 montibus
472 2617 661 2691 custodiebat,
676 2618 764 2677 ceteri
782 2623 881 2679 tamen
898 2618 991 2679 labori
1010 2621 1106 2680 adhuc

165 2714 284 2778 inutiles
296 2717 392 2772 totum
405 2711 483 2770 diem
498 2711 532 2769 in
551 2710 627 2788 agria
646 2711 794 2771 ludebant
834 2711 1002 2789 Aliquando
1021 2715 1106 2772 mini-

165 2829 240 2883 mue,
253 2826 325 2885 puer
338 2809 475 2881 quattuor
487 2823 579 2863 annos
591 2808 687 2880 natue,
701 2804 828 2865 inveniri
839 2824 900 2863 non
916 2810 1038 2882 poterat,
1051 2827 1104 2867 nec

166 2906 232 2982 poet
257 2904 389 2977 quartam
416 2897 475 2956 diei
504 2895 605 2956 horam
632 2915 649 2956 a
675 2897 813 2956 fratribus
839 2902 1008 2974 conspectus
1034 2906 1101 2961 erat

166 2999 322 3072 Postquam
335 3012 402 3052 cum
414 2991 523 3068 ubique
537 2989 742 3066 quaesiverunt
757 2995 787 3048 et
806 3009 858 3067 per
870 2990 955 3050 aedae
974 2996 1004 3050 et
1023 3011 1105 3069 agros

165 3090 313 3161 finitimos,
332 3085 451 3146 tandem
470 3088 602 3160 parentes
622 3082 763 3142 auxilium
775 3082 812 3142 ab
825 3083 930 3142 vicinia
950 3085 1104 3163 amicisque

165 3183 317 3262 petierunt
361 3178 430 3238 Una
443 3196 511 3236 cnm
523 3176 570 3235 hie
583 3175 681 3250 silvae,
696 3175 820 3234 ferarum
838 3175 963 3236 latebrae
977 3179 1104 3256 explora·

164 3280 277 3339 verunt
322 3272 420 3332 Vicini
440 3270 558 3347 quidem
577 3268 633 3328 eub
645 3287 805 3345 vesperum,
820 3287 896 3328 vano
915 3269 1013 3330 labore
1025 3272 1103 3347 femi,

165 3370 284 3428 domum
306 3365 507 3437 discescerunt,
532 3365 563 3420 at
585 3364 719 3437 parentes
738 3360 843 3434 miseri,
864 3360 989 3421 ferarum
1009 3363 1102 3438 obliti,

165 3465 255 3521 totam
268 3461 445 3534 pernoctem
458 3455 491 3511 in
505 3452 588 3510 eilvie
601 3451 763 3511 manebant
