2375 3875
433 241 705 309 'translations

327 577 395 645 145.
417 564 449 627 T
445 585 494 628 wo
511 560 669 641 Nauglzty
689 560 719 623 T
717 560 807 623 ricka

131 716 197 791 Quat
217 736 248 775 re
264 716 349 775 valde
366 716 525 775 delectatus
540 714 618 772 Nero
632 731 723 771 novae
736 711 846 770 fraudis
860 712 1037 771 occasionem

89 809 253 884 quaerebat
297 809 372 867 Mox
381 813 478 867 autem
488 806 551 867 viro
561 824 653 880 caeco,
665 805 717 882 qui
726 803 779 864 vix
792 804 895 863 baculo
909 822 1037 880 grcesm

89 900 242 977 dirigebat,
258 901 375 961 obviam
392 901 455 959 ivit.
498 900 555 960 Cui
569 897 656 973 Nero,
673 897 733 957 “si
746 897 818 971 vis‚”
832 897 938 974 inquit,
955 902 1038 956 “me-

89 1012 158 1051 cum
175 992 229 1051 hac
250 994 332 1052 molli
356 995 423 1053 sede
445 994 600 1065 considere,
616 992 727 1069 aliquid
751 990 809 1049 cibi
833 991 890 1050 tibi
913 990 1038 1050 libenter

89 1086 194 1145 dnb0.'’
235 1087 350 1162 Quibus
369 1086 466 1146 verbis
489 1106 556 1145 eum
569 1086 608 1143 ad
623 1084 719 1143 locum
743 1083 801 1142 udo
825 1084 893 1141 fimo
917 1081 1037 1160 plenum

89 1179 186 1253 duxit,
203 1184 233 1238 et
252 1179 365 1255 aliquid
385 1179 455 1252 fimi,
471 1178 529 1237 cibi
549 1178 652 1254 specie,
667 1177 700 1234 in
720 1194 752 1234 os
772 1177 894 1235 inserere
917 1180 1037 1235 conatur

88 1277 141 1330 est.
184 1271 228 1330 At
249 1291 357 1345 caecus,
373 1272 425 1348 qui
446 1271 577 1329 fraudem
600 1273 733 1342 senserat,
749 1269 874 1345 digitum
893 1269 976 1346 pueri
994 1270 1036 1328 ita

87 1364 194 1423 acriter
221 1363 385 1436 momordit,
410 1368 444 1422 ut
471 1362 522 1421 ille
549 1362 650 1421 multis
676 1380 743 1419 cum
769 1361 894 1420 lacrimis
921 1362 1037 1421 veniam

86 1462 206 1534 peteret
250 1457 298 1515 Ne
318 1456 371 1515 hac
385 1455 504 1533 quidem
525 1460 617 1531 poena
631 1455 700 1513 satis
714 1454 825 1528 doctus,
839 1447 935 1513 virum
949 1474 1037 1531 quen·

86 1552 158 1609 dam
172 1550 262 1608 altero
276 1550 349 1626 pede
359 1550 494 1608 claudum
509 1566 656 1625 aggressus
669 1552 721 1620 est,
733 1554 771 1621 et,
783 1566 873 1623 quum
886 1548 1036 1606 denarium

86 1646 258 1720 argenteum
279 1647 348 1701 ante
369 1641 457 1719 pedes
480 1641 654 1718 projecisset,
669 1640 706 1698 de
726 1644 802 1698 terra
821 1639 920 1699 tollere
937 1641 1033 1717 jussit.

85 1737 139 1808 At,
154 1736 227 1795 dum
247 1735 298 1794 ille
311 1735 413 1795 baculo
434 1734 528 1794 fultus
542 1734 675 1793 dextram
691 1734 728 1791 ad
743 1732 892 1791 denarium
905 1733 1032 1810 porrigit,

85 1830 138 1888 hio
159 1826 296 1888 baculum
317 1828 447 1907 arripuit,
462 1828 504 1887 ita
523 1833 558 1888 ut
577 1827 663 1887 illum
682 1827 720 1886 od
733 1830 837 1885 terram
850 1827 1034 1903 praecipitem

86 1921 235 1998 dejiceret.

302 2151 371 2232 146.
385 2097 425 2214 *A
446 2149 585 2232 Chapter
598 2151 642 2231 of
648 2149 828 2216 Accidents.

129 2300 205 2360 Inde
219 2300 306 2374 Nero,
318 2301 366 2360 cui
376 2319 524 2359 successus
540 2301 672 2358 animum
685 2299 842 2372 addiderat,
854 2317 947 2375 poma,
962 2317 1035 2376 quoe

86 2413 126 2454 ex
139 2393 241 2451 arbore
254 2393 416 2470 propinqui,
430 2390 642 2469 dependebant,
657 2410 755 2468 rapere
775 2392 934 2451 constituit
978 2392 1036 2467 Qui

86 2505 181 2564 quum
201 2487 234 2543 in
254 2485 382 2545 arborem
406 2486 588 2559 ascendisset,
611 2486 648 2543 ab
671 2485 795 2561 agricolr'a
814 2487 877 2544 viro
898 2486 1036 2546 iracundo

86 2584 199 2656 captus,
214 2580 338 2655 graviter
351 2579 518 2639 verberatus
532 2584 583 2638 est.
627 2578 715 2638 Hunc
734 2589 887 2656 postquam
902 2580 994 2638 tristis
1006 2585 1037 2640 et

86 2672 205 2733 saucius
232 2673 343 2749 effigit,
362 2672 400 2731 ab
427 2674 490 2749 ipso
519 2672 630 2745 claudo,
653 2672 759 2748 quiin
780 2673 892 2731 occulto
918 2673 1034 2747 latebat,

86 2783 251 2843 oppressus,
262 2766 368 2826 iterum
381 2770 412 2824 et
425 2766 517 2825 acrius
531 2765 698 2824 verberatus
711 2771 762 2825 est
804 2766 834 2825 Α
848 2785 905 2842 quo
918 2767 1036 2826 tandem

85 2861 237 2932 liberatus,
247 2860 327 2936 quod
336 2859 483 2918 ambulare
494 2877 562 2935 prae
569 2859 668 2917 dolore
678 2878 737 2918 non
746 2865 866 2935 poterat,
876 2860 908 2917 in
918 2879 1034 2936 equum,

86 2953 141 3029 qui
154 2959 271 3028 propter
285 2952 363 3011 viam
381 2952 562 3028 pascebatur,
577 2952 713 3011 ascendit.
756 2952 815 3011 Hic
829 2958 926 3011 tamen
939 2954 992 3012 tali
1005 2973 1036 3012 re

85 3045 209 3104 minime
222 3045 381 3103 delectatus
396 3064 507 3104 currere
521 3045 634 3121 incipit,
647 3064 700 3103 nec
713 3050 781 3104 ante
794 3064 810 3103 e
824 3065 909 3104 cursu
923 3046 1036 3105 destitit

86 3156 177 3215 quam
190 3155 312 3212 puerum
326 3157 342 3195 e
355 3143 435 3214 tergo
453 3137 662 3198 deturbaverat
707 3137 794 3197 Forte
814 3158 848 3198 ea
867 3139 965 3216 puella
978 3145 1036 3216 qua

86 3250 173 3290 mane
196 3235 257 3288 tam
280 3230 356 3289 male
379 3250 449 3289 usus
473 3235 533 3290 erat
556 3250 623 3289 eum
646 3230 730 3289 humi
746 3233 891 3307 jacentem
911 3233 1033 3292 invenit

86 3325 169 3384 Haec
183 3324 301 3400 quidem
315 3323 438 3400 injuriae
461 3343 529 3383 suae
549 3325 701 3384 immemor
721 3343 789 3384 eum
810 3345 876 3385 suas
897 3326 930 3384 in
951 3327 1036 3385 aedes

87 3418 176 3477 duxit
190 3422 220 3475 et
233 3417 356 3476 vulnera
370 3416 524 3494 diligenter
539 3419 657 3477 curavit

130 3529 254 3561 ommis
550 3513 574 3562 G
