2375 3875
502 214 776 281 translatione

452 450 504 530 46.
533 448 601 514 The
613 450 703 515 Pied
712 450 822 532 Piper.

209 583 403 661 Humehunm,
428 585 530 645 urbem
553 586 783 663 pulcherrimam,
807 585 932 646 vexabat
955 584 1026 644 olim
1048 584 1116 643 dira

169 679 278 756 pertir3
297 679 424 737 murium
443 679 522 739 enim
541 680 761 739 innumerabilis
780 679 939 739 multitudo
951 697 1013 738 non
1024 678 1116 736 modo

169 773 267 831 omnia
278 772 442 846 devorabat,
456 774 508 832 eud
520 774 609 833 etium
625 774 762 846 infantes,
775 773 846 833 dum
860 775 961 849 jaeent
971 773 1006 831 in
1017 772 1113 843 cunis,

170 865 362 943 oppugnabat.
405 865 522 925 Incolae
542 866 641 926 omnin
659 866 781 925 consiliu
792 866 900 925 frueuu
910 870 1113 935 tentevemnt3

169 957 295 1034 denique
307 976 445 1034 magnum
464 958 579 1035 pondus
591 959 703 1035 argenti
718 964 885 1036 proponunt
897 960 988 1018 totius
999 957 1114 1035 generis

169 1052 254 1111 exitii
265 1052 397 1129 pretium
440 1051 505 1111 Hoc
518 1052 582 1129 ipro
595 1057 725 1129 tempore
732 1054 786 1128 vir,
797 1053 877 1130 picti
885 1058 966 1112 vente
978 1051 1111 1127 iusignia,

169 1145 291 1205 intravit
323 1144 433 1219 urbem,
460 1144 656 1222 laboremque
689 1146 817 1223 surripit
873 1146 980 1206 Statim
1006 1163 1114 1220 magne

170 1242 283 1297 caterve
295 1257 361 1297 eum
375 1238 413 1297 ud
425 1238 522 1298 iorum
530 1238 658 1297 deducit
699 1239 767 1297 Hue
780 1239 834 1297 ubi
845 1239 980 1316 pervenit
987 1236 1110 1309 advene,

169 1351 207 1391 ex
219 1332 286 1390 sinu
299 1331 403 1391 tibiam
422 1350 540 1407 parvam
560 1330 694 1405 denthit,
709 1350 882 1407 paucus-que
900 1332 1002 1391 moder
1013 1330 1107 1406 fingit.

169 1425 231 1484 Vix
250 1425 282 1483 id
302 1444 416 1484 carmen
435 1429 602 1497 cessaverat,
621 1425 674 1483 ubi
693 1425 800 1482 mirum
818 1424 981 1500 prodigium
1000 1424 1110 1498 evenit,

169 1519 298 1595 undique
307 1518 386 1577 enim
396 1518 433 1577 ad
442 1538 546 1577 sonum
555 1519 669 1595 ingenti
677 1518 807 1577 tumultu
818 1536 916 1576 mures
925 1522 1106 1577 concurrunt

168 1610 267 1687 Primo
280 1612 450 1683 consistunt,
465 1610 570 1670 deinde
584 1630 692 1684 omnes,
707 1610 775 1683 albi,
788 1610 873 1687 nigri,
883 1629 973 1683 renen,
984 1611 1111 1687 juvenen

167 1702 206 1763 ud
217 1704 319 1763 moder
330 1703 420 1762 tibine
438 1702 553 1763 saltant
595 1702 745 1763 Postremo
757 1721 817 1761 uno
829 1703 942 1779 impetu
953 1702 987 1761 in
998 1702 1110 1761 flumen

167 1814 185 1854 e
197 1799 352 1872 conspeetu
363 1795 510 1855 desiliunt

345 2007 396 2074 47.
424 1992 491 2058 The
502 1994 592 2058 Pied
601 1994 704 2078 szter
718 1993 923 2077 (continued).

207 2129 305 2188 Primo
326 2129 403 2188 ciues
422 2148 483 2188 rem
501 2129 554 2188 vix
568 2130 689 2188 eredunt
697 2150 707 2204 3
727 2128 833 2187 deinde
852 2127 978 2186 lnetitiue
994 2127 1108 2203 ingenti

167 2241 198 2283 ee
211 2222 329 2281 dedunt
371 2221 792 2298 Jamquetibieeneuileborie
801 2221 959 2298 praemium
969 2220 1104 2297 postulat

167 2317 210 2376 At
226 2315 312 2388 rives,
331 2315 393 2392 jam
413 2315 534 2393 periculi
553 2321 693 2392 expertes,
707 2315 796 2374 fidem
816 2314 922 2391 ingrati
942 2313 1063 2386 violent,
1078 2320 1107 2371 et

167 2427 299 2486 magnam
322 2412 434 2484 purtem
457 2407 569 2483 argenti
588 2409 722 2468 retinent
765 2409 869 2484 Itaque
888 2407 979 2465 iratur
1002 2406 1105 2465 iterum

167 2502 269 2562 tibiam
277 2500 403 2577 eonipit,
415 2500 604 2578 alterum-que
613 2520 727 2560 carmen
737 2501 831 2578 priore
840 2499 989 2577 pulchrius
999 2498 1105 2558 fundit.

167 2593 305 2654 Protinus
318 2613 354 2652 ex
369 2592 503 2653 omnibus
516 2593 651 2653 domibus
664 2612 768 2670 magun
780 2611 934 2670 puerorum
951 2591 1107 2667 virginum-

167 2706 223 2765 que
243 2690 356 2746 eeterve
369 2686 465 2744 virum
485 2686 582 2762 ningit
626 2685 700 2744 Inde
720 2676 837 2757 tibieen,
852 2685 923 2743 dum
941 2683 988 2741 illi
1007 2683 1108 2742 choree

166 2777 337 2839 laetissimos
350 2781 447 2854 egunt,
462 2796 562 2835 omnes
575 2777 613 2836 ed
625 2777 822 2854 propinquum
840 2780 966 2834 montem
980 2774 1104 2835 deducit

166 2871 242 2932 Tum
264 2869 362 2930 miseri
385 2874 517 2946 parentes
539 2888 600 2927 rem
626 2868 785 2927 terribilem
810 2867 913 2927 vident
920 2887 930 2941 3
956 2887 1024 2926 nam
1047 2867 1109 2944 ipee

67 3035 70 3042 Ι
167 2963 290 3024 dehireit
302 2980 386 3022 mone
400 2967 430 3021 et
442 2962 582 3021 immenso
596 2961 679 3019 hiatu
692 2964 785 3020 toturn
798 2979 917 3019 menum
930 2961 1042 3039 eeeipit

423 3163 474 3243 48.
500 3161 628 3244 Cauglzt
640 3161 679 3242 by
693 3161 745 3225 tte
763 3161 849 3225 Tide.

204 3299 356 3370 Canutius,
385 3297 538 3356 Ieeuorum
567 3316 628 3370 rex,
657 3296 742 3371 longe
769 3295 928 3372 sapientior
954 3299 1014 3353 erat
1044 3295 1108 3354 eliis

167 3391 286 3450 mutue
331 3389 429 3464 Hujus
448 3389 519 3446 olim
532 3407 600 3465 oper
614 3389 855 3447 etauctoritatem
876 3407 952 3446 unus
965 3407 1002 3446 ex
1015 3407 1106 3446 ueeen·
