<?xml version="1.0" encoding="UTF-8"?>
<!DOCTYPE html PUBLIC "-//W3C//DTD XHTML 1.0 Transitional//EN"
    "http://www.w3.org/TR/xhtml1/DTD/xhtml1-transitional.dtd">
<html xmlns="http://www.w3.org/1999/xhtml" xml:lang="en" lang="en">
 <head>
  <title>
</title>
<meta http-equiv="Content-Type" content="text/html;charset=utf-8" />
  <meta name='ocr-system' content='tesseract 3.04.00' />
  <meta name='ocr-capabilities' content='ocr_page ocr_carea ocr_par ocr_line ocrx_word'/>
</head>
<body>
  <div class='ocr_page' id='page_1' title='image "./gradatim00storgoog_0023.png"; bbox 0 0 2375 3875; ppageno 0'>
   <div class='ocr_carea' id='block_1_1' title="bbox 467 263 1075 333">
    <p class='ocr_par' dir='ltr' id='par_1_1' title="bbox 467 263 1075 333">
     <span class='ocr_line' id='line_1_1' title="bbox 467 263 1075 333; baseline 0.005 -2"><span class='ocrx_word' id='word_1_1' title='bbox 467 263 742 333; x_wconf 70' lang='lat' dir='ltr'>Translaticne.</span> <span class='ocrx_word' id='word_1_2' title='bbox 1039 266 1075 324; x_wconf 91' lang='lat'>11</span> 
     </span>
    </p>
   </div>
   <div class='ocr_carea' id='block_1_2' title="bbox 130 455 1079 910">
    <p class='ocr_par' dir='ltr' id='par_1_2' title="bbox 130 455 1079 910">
     <span class='ocr_line' id='line_1_2' title="bbox 130 455 1075 538; baseline 0.003 -22"><span class='ocrx_word' id='word_1_3' title='bbox 130 455 187 516; x_wconf 89' lang='lat' dir='ltr'>filii</span> <span class='ocrx_word' id='word_1_4' title='bbox 220 458 288 525; x_wconf 84' lang='lat' dir='ltr'>Titi.</span> <span class='ocrx_word' id='word_1_5' title='bbox 317 466 401 538; x_wconf 82' lang='lat' dir='ltr'>saepe</span> <span class='ocrx_word' id='word_1_6' title='bbox 434 460 569 520; x_wconf 76' lang='lat' dir='ltr'>ridebant</span> <span class='ocrx_word' id='word_1_7' title='bbox 603 461 685 538; x_wconf 85' lang='lat' dir='ltr'>nigra</span> <span class='ocrx_word' id='word_1_8' title='bbox 717 460 847 519; x_wconf 84' lang='lat' dir='ltr'>membra</span> <span class='ocrx_word' id='word_1_9' title='bbox 880 459 963 537; x_wconf 85' lang='lat' dir='ltr'>parvi</span> <span class='ocrx_word' id='word_1_10' title='bbox 992 458 1075 519; x_wconf 76' lang='lat' dir='ltr'>cervi</span> 
     </span>
     <span class='ocr_line' id='line_1_3' title="bbox 131 549 1079 629; baseline 0.001 -19"><span class='ocrx_word' id='word_1_11' title='bbox 131 549 237 611; x_wconf 82' lang='lat' dir='ltr'>Florae</span> <span class='ocrx_word' id='word_1_12' title='bbox 258 551 415 629; x_wconf 76' lang='lat' dir='ltr'>aliquando</span> <span class='ocrx_word' id='word_1_13' title='bbox 438 570 500 613; x_wconf 84' lang='lat' dir='ltr'>non</span> <span class='ocrx_word' id='word_1_14' title='bbox 522 553 642 614; x_wconf 81' lang='lat' dir='ltr'>tenebat</span> <span class='ocrx_word' id='word_1_15' title='bbox 664 554 803 615; x_wconf 71' lang='lat' dir='ltr'>berlmee</span> <span class='ocrx_word' id='word_1_16' title='bbox 845 552 889 613; x_wconf 82' lang='lat' dir='ltr'>At</span> <span class='ocrx_word' id='word_1_17' title='bbox 915 553 1008 626; x_wconf 78' lang='lat' dir='ltr'>Titiae,</span> <span class='ocrx_word' id='word_1_18' title='bbox 1032 552 1079 614; x_wconf 85' lang='lat' dir='ltr'>vir</span> 
     </span>
     <span class='ocr_line' id='line_1_4' title="bbox 131 641 1077 725; baseline 0.001 -23"><span class='ocrx_word' id='word_1_19' title='bbox 131 641 235 718; x_wconf 83' lang='lat' dir='ltr'>bonus,</span> <span class='ocrx_word' id='word_1_20' title='bbox 257 644 331 704; x_wconf 84' lang='lat' dir='ltr'>forte</span> <span class='ocrx_word' id='word_1_21' title='bbox 344 644 427 705; x_wconf 85' lang='lat' dir='ltr'>videt</span> <span class='ocrx_word' id='word_1_22' title='bbox 446 644 587 722; x_wconf 79' lang='lat' dir='ltr'><strong>lacrimas,</strong></span> <span class='ocrx_word' id='word_1_23' title='bbox 602 650 632 706; x_wconf 88' lang='lat' dir='ltr'>et</span> <span class='ocrx_word' id='word_1_24' title='bbox 651 647 757 725; x_wconf 78' lang='lat' dir='ltr'>plenus</span> <span class='ocrx_word' id='word_1_25' title='bbox 770 647 830 705; x_wconf 84' lang='lat' dir='ltr'>irae</span> <span class='ocrx_word' id='word_1_26' title='bbox 849 645 976 705; x_wconf 87' lang='lat' dir='ltr'>maculat</span> <span class='ocrx_word' id='word_1_27' title='bbox 994 645 1077 721; x_wconf 84' lang='lat' dir='ltr'>nigro</span> 
     </span>
     <span class='ocr_line' id='line_1_5' title="bbox 130 736 1075 817; baseline 0.002 -22"><span class='ocrx_word' id='word_1_28' title='bbox 130 736 203 796; x_wconf 89' lang='lat' dir='ltr'>limo</span> <span class='ocrx_word' id='word_1_29' title='bbox 227 738 326 797; x_wconf 86' lang='lat' dir='ltr'>oculos</span> <span class='ocrx_word' id='word_1_30' title='bbox 350 743 380 798; x_wconf 89' lang='lat' dir='ltr'>et</span> <span class='ocrx_word' id='word_1_31' title='bbox 404 737 523 816; x_wconf 67' lang='lat' dir='ltr'>capillos</span> <span class='ocrx_word' id='word_1_32' title='bbox 547 744 577 799; x_wconf 93' lang='lat' dir='ltr'>et</span> <span class='ocrx_word' id='word_1_33' title='bbox 600 740 730 800; x_wconf 88' lang='lat' dir='ltr'>membra</span> <span class='ocrx_word' id='word_1_34' title='bbox 748 738 890 799; x_wconf 83' lang='lat' dir='ltr'>malorum</span> <span class='ocrx_word' id='word_1_35' title='bbox 913 756 1075 817; x_wconf 62' lang='lat' dir='ltr'>puerorum„</span> 
     </span>
     <span class='ocr_line' id='line_1_6' title="bbox 131 817 1051 910; baseline 0.003 -23"><span class='ocrx_word' id='word_1_36' title='bbox 131 828 237 907; x_wconf 88' lang='lat' dir='ltr'>Itaque</span> <span class='ocrx_word' id='word_1_37' title='bbox 250 829 333 906; x_wconf 87' lang='lat' dir='ltr'>pueri</span> <span class='ocrx_word' id='word_1_38' title='bbox 346 817 497 909; x_wconf 56' lang='lat' dir='ltr'>nunquam</span> <span class='ocrx_word' id='word_1_39' title='bbox 510 832 632 910; x_wconf 71' lang='lat' dir='ltr'>posthac</span> <span class='ocrx_word' id='word_1_40' title='bbox 645 832 780 893; x_wconf 83' lang='lat' dir='ltr'>ridebant</span> <span class='ocrx_word' id='word_1_41' title='bbox 792 850 916 910; x_wconf 87' lang='lat' dir='ltr'>parvum</span> <span class='ocrx_word' id='word_1_42' title='bbox 928 849 1051 891; x_wconf 68' lang='lat' dir='ltr'>servum„</span> 
     </span>
    </p>
   </div>
   <div class='ocr_carea' id='block_1_3' title="bbox 481 1048 732 1132">
    <p class='ocr_par' dir='ltr' id='par_1_3' title="bbox 481 1048 732 1132">
     <span class='ocr_line' id='line_1_7' title="bbox 481 1048 732 1132; baseline 0.008 -18"><span class='ocrx_word' id='word_1_43' title='bbox 481 1064 507 1132; x_wconf 79' lang='grc' dir='ltr'>ς.</span> <span class='ocrx_word' id='word_1_44' title='bbox 536 1048 603 1115; x_wconf 74' lang='lat' dir='ltr'>ree</span> <span class='ocrx_word' id='word_1_45' title='bbox 616 1051 732 1116; x_wconf 69' lang='lat' dir='ltr'>Miser.</span> 
     </span>
    </p>
   </div>
   <div class='ocr_carea' id='block_1_4' title="bbox 131 1170 1079 1890">
    <p class='ocr_par' dir='ltr' id='par_1_4' title="bbox 131 1170 1079 1890">
     <span class='ocr_line' id='line_1_8' title="bbox 173 1170 1078 1251; baseline 0.001 -18"><span class='ocrx_word' id='word_1_46' title='bbox 173 1172 287 1249; x_wconf 86' lang='lat' dir='ltr'>Plutue,</span> <span class='ocrx_word' id='word_1_47' title='bbox 301 1172 348 1235; x_wconf 90' lang='lat' dir='ltr'>vir</span> <span class='ocrx_word' id='word_1_48' title='bbox 360 1174 472 1248; x_wconf 71' lang='lat' dir='ltr'>aveirue,</span> <span class='ocrx_word' id='word_1_49' title='bbox 487 1170 570 1251; x_wconf 70' lang='lat' dir='ltr'>pirat</span> <span class='ocrx_word' id='word_1_50' title='bbox 582 1192 703 1251; x_wconf 86' lang='lat' dir='ltr'>parvam</span> <span class='ocrx_word' id='word_1_51' title='bbox 715 1173 831 1249; x_wconf 85' lang='lat' dir='ltr'>fceeam,</span> <span class='ocrx_word' id='word_1_52' title='bbox 846 1176 934 1251; x_wconf 82' lang='lat' dir='ltr'>alque</span> <span class='ocrx_word' id='word_1_53' title='bbox 947 1170 990 1233; x_wconf 87' lang='lat' dir='ltr'>ibi</span> <span class='ocrx_word' id='word_1_54' title='bbox 1004 1174 1078 1234; x_wconf 73' lang='lat' dir='ltr'>celat</span> 
     </span>
     <span class='ocr_line' id='line_1_9' title="bbox 132 1264 1079 1345; baseline 0.001 -19"><span class='ocrx_word' id='word_1_55' title='bbox 132 1267 260 1327; x_wconf 88' lang='lat' dir='ltr'>multum</span> <span class='ocrx_word' id='word_1_56' title='bbox 276 1272 433 1345; x_wconf 85' lang='lat' dir='ltr'>argentum.</span> <span class='ocrx_word' id='word_1_57' title='bbox 476 1266 564 1326; x_wconf 85' lang='lat' dir='ltr'>Forte</span> <span class='ocrx_word' id='word_1_58' title='bbox 584 1285 684 1327; x_wconf 82' lang='lat' dir='ltr'>eervue</span> <span class='ocrx_word' id='word_1_59' title='bbox 704 1267 803 1328; x_wconf 85' lang='lat' dir='ltr'>arabat</span> <span class='ocrx_word' id='word_1_60' title='bbox 822 1286 930 1344; x_wconf 78' lang='lat' dir='ltr'>agrum.</span> <span class='ocrx_word' id='word_1_61' title='bbox 973 1264 1079 1327; x_wconf 80' lang='lat' dir='ltr'>Subita</span> 
     </span>
     <span class='ocr_line' id='line_1_10' title="bbox 131 1358 1079 1439; baseline -0.001 -19"><span class='ocrx_word' id='word_1_62' title='bbox 131 1360 227 1421; x_wconf 83' lang='lat' dir='ltr'>nudat</span> <span class='ocrx_word' id='word_1_63' title='bbox 252 1360 377 1420; x_wconf 86' lang='lat' dir='ltr'>latebrae</span> <span class='ocrx_word' id='word_1_64' title='bbox 404 1364 434 1420; x_wconf 89' lang='lat' dir='ltr'>et</span> <span class='ocrx_word' id='word_1_65' title='bbox 461 1360 567 1437; x_wconf 87' lang='lat' dir='ltr'>epoliet</span> <span class='ocrx_word' id='word_1_66' title='bbox 594 1364 753 1439; x_wconf 83' lang='lat' dir='ltr'>argentum.</span> <span class='ocrx_word' id='word_1_67' title='bbox 795 1358 941 1420; x_wconf 86' lang='lat' dir='ltr'>Peetrldie</span> <span class='ocrx_word' id='word_1_68' title='bbox 967 1360 1079 1420; x_wconf 80' lang='lat' dir='ltr'>furtum</span> 
     </span>
     <span class='ocr_line' id='line_1_11' title="bbox 132 1452 1079 1532; baseline 0.001 -19"><span class='ocrx_word' id='word_1_69' title='bbox 132 1456 252 1532; x_wconf 76' lang='lat' dir='ltr'>appiret</span> <span class='ocrx_word' id='word_1_70' title='bbox 275 1453 402 1530; x_wconf 86' lang='lat' dir='ltr'>domino,</span> <span class='ocrx_word' id='word_1_71' title='bbox 427 1472 495 1513; x_wconf 88' lang='lat' dir='ltr'>nam</span> <span class='ocrx_word' id='word_1_72' title='bbox 519 1472 604 1532; x_wconf 89' lang='lat' dir='ltr'>eaepe</span> <span class='ocrx_word' id='word_1_73' title='bbox 627 1454 776 1531; x_wconf 75' lang='lat' dir='ltr'>spectabat</span> <span class='ocrx_word' id='word_1_74' title='bbox 799 1473 885 1513; x_wconf 83' lang='lat' dir='ltr'>cuum</span> <span class='ocrx_word' id='word_1_75' title='bbox 910 1452 1079 1514; x_wconf 85' lang='lat' dir='ltr'>thesaurum</span> 
     </span>
     <span class='ocr_line' id='line_1_12' title="bbox 132 1546 1079 1625; baseline -0.002 -18"><span class='ocrx_word' id='word_1_76' title='bbox 132 1547 229 1607; x_wconf 81' lang='lat' dir='ltr'>avidis</span> <span class='ocrx_word' id='word_1_77' title='bbox 255 1546 353 1607; x_wconf 86' lang='lat' dir='ltr'>oculis.</span> <span class='ocrx_word' id='word_1_78' title='bbox 407 1546 499 1607; x_wconf 82' lang='lat' dir='ltr'>Miser</span> <span class='ocrx_word' id='word_1_79' title='bbox 522 1546 629 1607; x_wconf 79' lang='lat' dir='ltr'><strong>Plutus</strong></span> <span class='ocrx_word' id='word_1_80' title='bbox 651 1547 884 1625; x_wconf 78' lang='lat' dir='ltr'>impletterram</span> <span class='ocrx_word' id='word_1_81' title='bbox 911 1552 940 1606; x_wconf 88' lang='lat' dir='ltr'>et</span> <span class='ocrx_word' id='word_1_82' title='bbox 967 1546 1079 1606; x_wconf 89' lang='lat' dir='ltr'>caelum</span> 
     </span>
     <span class='ocr_line' id='line_1_13' title="bbox 132 1638 1077 1717; baseline 0 -17"><span class='ocrx_word' id='word_1_83' title='bbox 132 1641 263 1717; x_wconf 74' lang='lat' dir='ltr'>querelis.</span> <span class='ocrx_word' id='word_1_84' title='bbox 307 1640 412 1701; x_wconf 81' lang='lat' dir='ltr'>Subito</span> <span class='ocrx_word' id='word_1_85' title='bbox 426 1640 597 1715; x_wconf 84' lang='lat' dir='ltr'>Mercurius,</span> <span class='ocrx_word' id='word_1_86' title='bbox 612 1640 689 1701; x_wconf 88' lang='lat' dir='ltr'>fidua</span> <span class='ocrx_word' id='word_1_87' title='bbox 702 1639 821 1700; x_wconf 88' lang='lat' dir='ltr'>deorum</span> <span class='ocrx_word' id='word_1_88' title='bbox 841 1640 972 1715; x_wconf 75' lang='lat' dir='ltr'>nuntius,</span> <span class='ocrx_word' id='word_1_89' title='bbox 987 1638 1077 1716; x_wconf 68' lang='lat' dir='ltr'>videet,</span> 
     </span>
     <span class='ocr_line' id='line_1_14' title="bbox 133 1733 1079 1812; baseline 0 -18"><span class='ocrx_word' id='word_1_90' title='bbox 133 1740 163 1794; x_wconf 83' lang='lat' dir='ltr'>et</span> <span class='ocrx_word' id='word_1_91' title='bbox 176 1734 301 1811; x_wconf 81' lang='lat' dir='ltr'>benigne</span> <span class='ocrx_word' id='word_1_92' title='bbox 314 1733 444 1811; x_wconf 73' lang='lat' dir='ltr'>poetblat</span> <span class='ocrx_word' id='word_1_93' title='bbox 454 1752 569 1807; x_wconf 81' lang='lat' dir='ltr'>caueam</span> <span class='ocrx_word' id='word_1_94' title='bbox 582 1733 773 1794; x_wconf 87' lang='lat' dir='ltr'>lacrimarum.</span> <span class='ocrx_word' id='word_1_95' title='bbox 815 1733 922 1793; x_wconf 78' lang='lat' dir='ltr'>Plutus</span> <span class='ocrx_word' id='word_1_96' title='bbox 934 1734 1025 1812; x_wconf 81' lang='lat' dir='ltr'>igitur</span> <span class='ocrx_word' id='word_1_97' title='bbox 1037 1734 1079 1794; x_wconf 83' lang='lat' dir='ltr'>ite</span> 
     </span>
     <span class='ocr_line' id='line_1_15' title="bbox 132 1826 515 1890; baseline 0.005 -4"><span class='ocrx_word' id='word_1_98' title='bbox 132 1831 231 1887; x_wconf 85' lang='lat' dir='ltr'>narrat</span> <span class='ocrx_word' id='word_1_99' title='bbox 242 1826 348 1886; x_wconf 84' lang='lat' dir='ltr'>malam</span> <span class='ocrx_word' id='word_1_100' title='bbox 362 1828 515 1890; x_wconf 60' lang='lat' dir='ltr'>leaenam.</span> 
     </span>
    </p>
   </div>
   <div class='ocr_carea' id='block_1_5' title="bbox 372 2046 841 2131">
    <p class='ocr_par' dir='ltr' id='par_1_5' title="bbox 372 2046 841 2131">
     <span class='ocr_line' id='line_1_16' title="bbox 372 2046 841 2131; baseline 0.006 -21"><span class='ocrx_word' id='word_1_101' title='bbox 372 2048 402 2111; x_wconf 87' lang='lat'>6.</span> <span class='ocrx_word' id='word_1_102' title='bbox 430 2047 497 2111; x_wconf 81' lang='lat' dir='ltr'>The</span> <span class='ocrx_word' id='word_1_103' title='bbox 510 2047 621 2112; x_wconf 81' lang='lat' dir='ltr'><em>Miser</em></span> <span class='ocrx_word' id='word_1_104' title='bbox 635 2046 841 2131; x_wconf 78' lang='lat' dir='ltr'><em>(continued).</em></span> 
     </span>
    </p>
   </div>
   <div class='ocr_carea' id='block_1_6' title="bbox 133 2171 1081 2810">
    <p class='ocr_par' dir='ltr' id='par_1_6' title="bbox 133 2171 1081 2810">
     <span class='ocr_line' id='line_1_17' title="bbox 176 2171 1080 2252; baseline 0.002 -18"><span class='ocrx_word' id='word_1_105' title='bbox 176 2179 195 2208; x_wconf 90' lang='lat'><strong>“</strong></span> <span class='ocrx_word' id='word_1_106' title='bbox 206 2173 279 2235; x_wconf 79' lang='lat' dir='ltr'>Sum</span> <span class='ocrx_word' id='word_1_107' title='bbox 292 2173 338 2234; x_wconf 85' lang='lat' dir='ltr'>vir</span> <span class='ocrx_word' id='word_1_108' title='bbox 351 2171 467 2252; x_wconf 62' lang='lat' dir='ltr'>iginus,</span> <span class='ocrx_word' id='word_1_109' title='bbox 481 2178 580 2234; x_wconf 87' lang='lat' dir='ltr'>tamen</span> <span class='ocrx_word' id='word_1_110' title='bbox 594 2173 737 2235; x_wconf 77' lang='lat' dir='ltr'><strong>habebam</strong></span> <span class='ocrx_word' id='word_1_111' title='bbox 750 2194 873 2251; x_wconf 87' lang='lat' dir='ltr'>parvum</span> <span class='ocrx_word' id='word_1_112' title='bbox 893 2175 1080 2251; x_wconf 81' lang='lat' dir='ltr'>theeaumm3</span> 
     </span>
     <span class='ocr_line' id='line_1_18' title="bbox 133 2267 1079 2346; baseline 0 -18"><span class='ocrx_word' id='word_1_113' title='bbox 133 2286 246 2346; x_wconf 77' lang='lat' dir='ltr'>semper</span> <span class='ocrx_word' id='word_1_114' title='bbox 255 2267 369 2328; x_wconf 77' lang='lat' dir='ltr'>servavi</span> <span class='ocrx_word' id='word_1_115' title='bbox 381 2286 475 2328; x_wconf 86' lang='lat' dir='ltr'>meam</span> <span class='ocrx_word' id='word_1_116' title='bbox 488 2267 641 2345; x_wconf 89' lang='lat' dir='ltr'>pecuniam</span> <span class='ocrx_word' id='word_1_117' title='bbox 651 2272 755 2346; x_wconf 77' lang='lat' dir='ltr'>magna</span> <span class='ocrx_word' id='word_1_118' title='bbox 764 2271 839 2328; x_wconf 78' lang='lat' dir='ltr'>curi.</span> <span class='ocrx_word' id='word_1_119' title='bbox 882 2268 971 2329; x_wconf 88' lang='lat' dir='ltr'>Nunc</span> <span class='ocrx_word' id='word_1_120' title='bbox 981 2274 1079 2330; x_wconf 87' lang='lat' dir='ltr'>tamen</span> 
     </span>
     <span class='ocr_line' id='line_1_19' title="bbox 134 2359 1078 2423; baseline 0.004 -4"><span class='ocrx_word' id='word_1_121' title='bbox 134 2360 209 2420; x_wconf 90' lang='lat' dir='ltr'>mibi</span> <span class='ocrx_word' id='word_1_122' title='bbox 230 2359 307 2419; x_wconf 89' lang='lat' dir='ltr'><strong>nihil</strong></span> <span class='ocrx_word' id='word_1_123' title='bbox 326 2359 452 2420; x_wconf 43' lang='lat' dir='ltr'>minet&amp;</span> <span class='ocrx_word' id='word_1_124' title='bbox 492 2360 535 2420; x_wconf 87' lang='lat' dir='ltr'>At</span> <span class='ocrx_word' id='word_1_125' title='bbox 558 2361 630 2420; x_wconf 83' lang='lat' dir='ltr'>deae</span> <span class='ocrx_word' id='word_1_126' title='bbox 653 2361 763 2421; x_wconf 85' lang='lat' dir='ltr'>mulcet</span> <span class='ocrx_word' id='word_1_127' title='bbox 785 2365 928 2421; x_wconf 76' lang='lat' dir='ltr'>maestum</span> <span class='ocrx_word' id='word_1_128' title='bbox 948 2363 1078 2423; x_wconf 82' lang='lat' dir='ltr'>animum</span> 
     </span>
     <span class='ocr_line' id='line_1_20' title="bbox 134 2450 1077 2530; baseline 0 -16"><span class='ocrx_word' id='word_1_129' title='bbox 134 2453 199 2528; x_wconf 80' lang='lat' dir='ltr'>viri,</span> <span class='ocrx_word' id='word_1_130' title='bbox 214 2457 244 2512; x_wconf 90' lang='lat' dir='ltr'>et</span> <span class='ocrx_word' id='word_1_131' title='bbox 255 2450 359 2530; x_wconf 80' lang='lat' dir='ltr'><strong>implet</strong></span> <span class='ocrx_word' id='word_1_132' title='bbox 379 2451 487 2512; x_wconf 79' lang='lat' dir='ltr'>fossam</span> <span class='ocrx_word' id='word_1_133' title='bbox 505 2452 591 2513; x_wconf 84' lang='lat' dir='ltr'>eaxie</span> <span class='ocrx_word' id='word_1_134' title='bbox 634 2453 710 2512; x_wconf 73' lang='lat' dir='ltr'>Tarm</span> <span class='ocrx_word' id='word_1_135' title='bbox 729 2454 772 2513; x_wconf 88' lang='lat' dir='ltr'>ita</span> <span class='ocrx_word' id='word_1_136' title='bbox 791 2453 928 2513; x_wconf 75' lang='lat' dir='ltr'><strong>admonet</strong></span> <span class='ocrx_word' id='word_1_137' title='bbox 947 2453 1077 2516; x_wconf 75' lang='lat' dir='ltr'>Plutuna</span> 
     </span>
     <span class='ocr_line' id='line_1_21' title="bbox 136 2545 1081 2625; baseline 0.005 -21"><span class='ocrx_word' id='word_1_138' title='bbox 136 2547 209 2605; x_wconf 86' lang='lat' dir='ltr'>“Tu</span> <span class='ocrx_word' id='word_1_139' title='bbox 233 2545 352 2622; x_wconf 75' lang='lat' dir='ltr'>quidem</span> <span class='ocrx_word' id='word_1_140' title='bbox 374 2564 487 2623; x_wconf 77' lang='lat' dir='ltr'>semper</span> <span class='ocrx_word' id='word_1_141' title='bbox 509 2545 653 2606; x_wconf 72' lang='lat' dir='ltr'>lustrabas</span> <span class='ocrx_word' id='word_1_142' title='bbox 680 2551 840 2624; x_wconf 84' lang='lat' dir='ltr'>argentum,</span> <span class='ocrx_word' id='word_1_143' title='bbox 869 2565 924 2607; x_wconf 87' lang='lat' dir='ltr'>nac</span> <span class='ocrx_word' id='word_1_144' title='bbox 950 2566 1081 2625; x_wconf 85' lang='lat' dir='ltr'>unquam</span> 
     </span>
     <span class='ocr_line' id='line_1_22' title="bbox 134 2637 1080 2717; baseline 0.002 -18"><span class='ocrx_word' id='word_1_145' title='bbox 134 2637 308 2699; x_wconf 74' lang='lat' dir='ltr'>attrectabat</span> <span class='ocrx_word' id='word_1_146' title='bbox 331 2637 456 2698; x_wconf 73' lang='lat' dir='ltr'>divitiae</span> <span class='ocrx_word' id='word_1_147' title='bbox 500 2637 631 2698; x_wconf 77' lang='lat' dir='ltr'>Divitiae</span> <span class='ocrx_word' id='word_1_148' title='bbox 653 2656 714 2698; x_wconf 86' lang='lat' dir='ltr'>non</span> <span class='ocrx_word' id='word_1_149' title='bbox 736 2642 861 2717; x_wconf 87' lang='lat' dir='ltr'>preeunt</span> <span class='ocrx_word' id='word_1_150' title='bbox 879 2658 984 2717; x_wconf 82' lang='lat' dir='ltr'>avaro3</span> <span class='ocrx_word' id='word_1_151' title='bbox 1011 2659 1080 2701; x_wconf 83' lang='lat' dir='ltr'>eaxa</span> 
     </span>
     <span class='ocr_line' id='line_1_23' title="bbox 136 2729 746 2810; baseline 0.007 -20"><span class='ocrx_word' id='word_1_152' title='bbox 136 2731 226 2810; x_wconf 82' lang='lat' dir='ltr'>igitur</span> <span class='ocrx_word' id='word_1_153' title='bbox 238 2729 295 2791; x_wconf 85' lang='lat' dir='ltr'>tibi</span> <span class='ocrx_word' id='word_1_154' title='bbox 307 2729 488 2808; x_wconf 74' lang='lat' dir='ltr'>supplebunt</span> <span class='ocrx_word' id='word_1_155' title='bbox 500 2731 597 2792; x_wconf 89' lang='lat' dir='ltr'>lecum</span> <span class='ocrx_word' id='word_1_156' title='bbox 610 2730 746 2809; x_wconf 64' lang='lat' dir='ltr'>argentv·</span> 
     </span>
    </p>
   </div>
   <div class='ocr_carea' id='block_1_7' title="bbox 424 2965 798 3049">
    <p class='ocr_par' dir='ltr' id='par_1_7' title="bbox 424 2965 798 3049">
     <span class='ocr_line' id='line_1_24' title="bbox 424 2965 798 3049; baseline 0.008 -18"><span class='ocrx_word' id='word_1_157' title='bbox 424 2979 452 3049; x_wconf 87' lang='lat'>7.</span> <span class='ocrx_word' id='word_1_158' title='bbox 481 2965 688 3034; x_wconf 68' lang='lat' dir='ltr'>Terram</span> <span class='ocrx_word' id='word_1_159' title='bbox 704 2965 798 3034; x_wconf 71' lang='lat' dir='ltr'>beke.</span> 
     </span>
    </p>
   </div>
   <div class='ocr_carea' id='block_1_8' title="bbox 136 3089 1084 3544">
    <p class='ocr_par' dir='ltr' id='par_1_8' title="bbox 136 3089 1084 3544">
     <span class='ocr_line' id='line_1_25' title="bbox 178 3089 1083 3172; baseline 0 -17"><span class='ocrx_word' id='word_1_160' title='bbox 178 3093 291 3155; x_wconf 79' lang='lat' dir='ltr'>Cimbri</span> <span class='ocrx_word' id='word_1_161' title='bbox 305 3089 451 3153; x_wconf 83' lang='lat' dir='ltr'>bebltent</span> <span class='ocrx_word' id='word_1_162' title='bbox 477 3093 580 3152; x_wconf 87' lang='lat' dir='ltr'>miram</span> <span class='ocrx_word' id='word_1_163' title='bbox 607 3097 720 3171; x_wconf 73' lang='lat' dir='ltr'>terrm,</span> <span class='ocrx_word' id='word_1_164' title='bbox 747 3113 816 3153; x_wconf 89' lang='lat' dir='ltr'>nam</span> <span class='ocrx_word' id='word_1_165' title='bbox 843 3091 966 3155; x_wconf 65' lang='lat' dir='ltr'>ocebnae</span> <span class='ocrx_word' id='word_1_166' title='bbox 999 3113 1083 3172; x_wconf 81' lang='lat' dir='ltr'>caepe</span> 
     </span>
     <span class='ocr_line' id='line_1_26' title="bbox 136 3185 1084 3265; baseline 0.004 -20"><span class='ocrx_word' id='word_1_167' title='bbox 136 3187 263 3246; x_wconf 87' lang='lat' dir='ltr'>inundat</span> <span class='ocrx_word' id='word_1_168' title='bbox 276 3190 354 3247; x_wconf 86' lang='lat' dir='ltr'>tecta</span> <span class='ocrx_word' id='word_1_169' title='bbox 367 3189 396 3245; x_wconf 87' lang='lat' dir='ltr'>et</span> <span class='ocrx_word' id='word_1_170' title='bbox 409 3205 490 3264; x_wconf 82' lang='lat' dir='ltr'>agree</span> <span class='ocrx_word' id='word_1_171' title='bbox 503 3185 699 3264; x_wconf 80' lang='lat' dir='ltr'>agricolarum.</span> <span class='ocrx_word' id='word_1_172' title='bbox 742 3187 859 3247; x_wconf 85' lang='lat' dir='ltr'>Incolae</span> <span class='ocrx_word' id='word_1_173' title='bbox 871 3188 984 3265; x_wconf 78' lang='lat' dir='ltr'>magnis</span> <span class='ocrx_word' id='word_1_174' title='bbox 999 3187 1084 3249; x_wconf 83' lang='lat' dir='ltr'>foeeie</span> 
     </span>
     <span class='ocr_line' id='line_1_27' title="bbox 138 3277 1078 3356; baseline -0.001 -19"><span class='ocrx_word' id='word_1_175' title='bbox 138 3277 637 3356; x_wconf 68' lang='lat' dir='ltr'>cumilliequecoercentviclentiam</span> <span class='ocrx_word' id='word_1_176' title='bbox 646 3279 789 3339; x_wconf 90' lang='lat' dir='ltr'>undarum</span> <span class='ocrx_word' id='word_1_177' title='bbox 793 3301 802 3355; x_wconf 86' lang='lat'>;</span> <span class='ocrx_word' id='word_1_178' title='bbox 817 3279 972 3356; x_wconf 88' lang='lat' dir='ltr'>aliquando</span> <span class='ocrx_word' id='word_1_179' title='bbox 981 3283 1078 3339; x_wconf 86' lang='lat' dir='ltr'>tamen</span> 
     </span>
     <span class='ocr_line' id='line_1_28' title="bbox 137 3372 1078 3451; baseline -0.002 -18"><span class='ocrx_word' id='word_1_180' title='bbox 137 3393 214 3451; x_wconf 84' lang='lat' dir='ltr'>equa</span> <span class='ocrx_word' id='word_1_181' title='bbox 234 3373 369 3434; x_wconf 85' lang='lat' dir='ltr'>deturbat</span> <span class='ocrx_word' id='word_1_182' title='bbox 389 3372 512 3432; x_wconf 78' lang='lat' dir='ltr'>claustra</span> <span class='ocrx_word' id='word_1_183' title='bbox 525 3377 556 3433; x_wconf 89' lang='lat' dir='ltr'>et</span> <span class='ocrx_word' id='word_1_184' title='bbox 568 3377 666 3434; x_wconf 87' lang='lat' dir='ltr'>vaetat</span> <span class='ocrx_word' id='word_1_185' title='bbox 685 3378 797 3433; x_wconf 85' lang='lat' dir='ltr'>terram.</span> <span class='ocrx_word' id='word_1_186' title='bbox 841 3373 929 3432; x_wconf 84' lang='lat' dir='ltr'>Forte</span> <span class='ocrx_word' id='word_1_187' title='bbox 949 3373 1078 3432; x_wconf 80' lang='lat' dir='ltr'>tumulus</span> 
     </span>
     <span class='ocr_line' id='line_1_29' title="bbox 138 3465 1082 3544; baseline -0.003 -18"><span class='ocrx_word' id='word_1_188' title='bbox 138 3485 199 3526; x_wconf 87' lang='lat' dir='ltr'>nen</span> <span class='ocrx_word' id='word_1_189' title='bbox 214 3466 331 3527; x_wconf 77' lang='lat' dir='ltr'>validus</span> <span class='ocrx_word' id='word_1_190' title='bbox 350 3470 429 3542; x_wconf 82' lang='lat' dir='ltr'>erat3</span> <span class='ocrx_word' id='word_1_191' title='bbox 445 3467 507 3544; x_wconf 84' lang='lat' dir='ltr'>jam</span> <span class='ocrx_word' id='word_1_192' title='bbox 527 3485 617 3543; x_wconf 84' lang='lat' dir='ltr'>parva</span> <span class='ocrx_word' id='word_1_193' title='bbox 636 3465 709 3524; x_wconf 88' lang='lat' dir='ltr'>rima</span> <span class='ocrx_word' id='word_1_194' title='bbox 728 3469 847 3541; x_wconf 73' lang='lat' dir='ltr'>apparet</span> <span class='ocrx_word' id='word_1_195' title='bbox 857 3485 865 3537; x_wconf 83' lang='lat'>3</span> <span class='ocrx_word' id='word_1_196' title='bbox 885 3483 955 3524; x_wconf 85' lang='lat' dir='ltr'>mox</span> <span class='ocrx_word' id='word_1_197' title='bbox 975 3483 1082 3541; x_wconf 83' lang='lat' dir='ltr'>magna</span> 
     </span>
    </p>
   </div>
   <div class='ocr_carea' id='block_1_9' title="bbox 0 0 1200 3875">
    <p class='ocr_par' dir='ltr' id='par_1_9' title="bbox 0 0 1200 3875">
     <span class='ocr_line' id='line_1_30' title="bbox 0 0 1200 3875; baseline 0 0"><span class='ocrx_word' id='word_1_198' title='bbox 0 0 1200 3875; x_wconf 95' lang='lat' dir='ltr'> </span> 
     </span>
    </p>
   </div>
  </div>
 </body>
</html>
